3148 5132
628 511 828 579 Λω-

204 693 448 792 'sustuna
462 707 594 793 ιιςιιιι
608 705 814 776 enatares
835 703 1217 780 nemausensem

225 827 350 913 &eptam
360 829 535 909 asserebat3
547 821 686 898 obtinere
696 827 802 898 tamen
815 827 915 916 petita
924 839 985 896 non
997 824 1111 915 potuit.

267 978 317 1053 18.
333 971 371 1052 Ῑιι
387 979 504 1056 Ruseia
516 993 656 1057 moratus
669 993 719 1058 est
736 992 773 1056 P.
789 979 906 1058 Ribera
925 991 1048 1078 integro
1070 991 1216 1073 triennio,

225 1123 244 1175 a
262 1095 313 1172 die
332 1103 372 1172 23
386 1108 544 1176 novembr.
565 1109 639 1174 anni
654 1111 734 1180 1727
749 1109 790 1175 ad
804 1107 843 1176 25
860 1111 1019 1177 novembr.
1034 1110 1107 1176 anni
1123 1097 1213 1193 1730,

225 1244 285 1310 quo
303 1217 433 1294 Mesena
453 1219 601 1298 discessit
614 1247 678 1294 una
703 1249 777 1296 eum
802 1229 891 1296 Duee
911 1229 949 1296 de
964 1216 1060 1299 Liria.
1079 1229 1217 1296 visitata
1282 1278 1285 1285 .

225 1339 386 1434 Varsaria,
411 1353 536 1420 devenit
549 1354 789 1420 wratislaviam
800 1355 835 1419 in
849 1353 976 1436 silesia,
997 1354 1048 1420 die
1063 1326 1105 1422 2'0
1117 1353 1215 1438 janu·

225 1471 285 1542 arii
302 1489 382 1539 anno
404 1463 495 1540 1731:
515 1502 528 1536 ε
552 1473 634 1546 Casu
654 1475 771 1545 aaut
788 1475 979 1560 (narrantem
998 1467 1096 1542 refero
1116 1475 1215 1542 Rite·

225 1586 320 1675 ram),
340 1583 379 1656 ut
405 1583 654 1662 Pradioatorum
679 1594 903 1662 monasterium
927 1613 946 1659 a
969 1593 1097 1680 praelato
1120 1578 1216 1660 bone·

224 1701 372 1780 ‹iioendus
400 1711 520 1796 adiens,
548 1712 588 1778 ad
613 1712 729 1797 januas
766 1714 874 1798 magni
905 1713 1018 1798 tempu
1051 1713 1082 1780 S.
1107 1712 1215 1780 Maria

224 1819 420 1916 Magialenae
436 1833 544 1915 dicati,
557 1853 640 1902 nune
655 1835 845 1902 Lutheranis
859 1835 893 1900 in
903 1853 974 1915 usu,
988 1835 1114 1915 sistens,
1128 1832 1215 1906 intus

225 1957 332 2025 eontra
346 1977 464 2026 morem
479 1960 660 2032 eorumdem
672 1960 773 2028 latine
788 1960 859 2028 sani
876 1959 1039 2030 audierim·
1051 1959 1215 2048 Ingressus

225 2078 332 2162 itaque
353 2079 477 2164 percepi
491 2080 584 2148 eantu
605 2076 797 2164 Gregoriano
813 2078 915 2162 osrioo'o'
923 2078 1025 2164 porei
1040 2077 1083 2148 B.
1094 2077 1217 2146 Marte

230 2181 1215 2282 Viryino'soomnnuneinvitatoriumabillisoanonioiainnhoro,

226 2317 450 2388 ecelesiasticis
468 2317 756 2402 instaurantibus,
770 2319 877 2404 incipi,
898 2318 1154 2406 matutinnmque
1168 2321 1215 2388 to·

225 2440 305 2519 tum,
330 2437 461 2524 psalmis
476 2437 578 2504 tribus
608 2457 681 2504 oum
709 2437 892 2523 antiphona,
922 2437 1067 2518 laetiore,
1093 2439 1215 2508 nantino

229 2559 272 2626 To
281 2559 395 2640 Deam,
406 2557 449 2626 ad
461 2557 584 2626 Laudes
596 2557 741 2642 (psalmis
752 2557 902 2642 omissis),
913 2559 1037 2630 osntioo
1048 2559 1217 2641 Zacharia,

224 2677 394 2762 antiphona
405 2678 439 2744 et
451 2659 598 2759 oratione,
616 2696 679 2763 qua
705 2697 761 2744 nos
782 2678 816 2746 in
831 2677 944 2764 vigilia
965 2678 1154 2748 Natiuitatis
1175 2681 1216 2774 D.

223 2797 354 2878 namur,
362 2796 575 2863 terminatum
594 2796 705 2865 audire
719 2797 860 2884 perstiti.
893 2797 1070 2864 Subseouta
1083 2794 1218 2886 liturgia

224 2921 390 2989 lutherana
410 2939 520 2988 verum
540 2921 617 2990 feeit
631 2921 712 3006 quod
725 2941 793 2989 oon
816 2925 864 2988 est
877 2923 926 3006 (B.
945 2921 1084 3009 Virgini)
1098 2921 1218 3006 wona-

225 3039 350 3107 salam
363 3038 465 3106 inore
475 3038 652 3124 pwoawro's
665 3039 777 3125 (Eonli.
798 3039 867 3120 XV,
878 3039 936 3124 9.);
959 3038 1042 3108 unde
1063 3034 1218 3107 motivum

227 3175 322 3242 quare
336 3155 434 3224 lobiis
454 3155 667 3225 honoraretur
674 3157 712 3224 Β.
725 3158 821 3246 Virgo
835 3159 868 3225 et
879 3157 1115 3243 ylohfioarotar
1128 3157 1217 3224 abiis

228 3295 366 3362 qumana
380 3297 434 3343 eor
442 3277 550 3360 (inmo
561 3279 593 3344 et
602 3277 712 3362 lingua
725 3279 757 3344 et
768 3277 923 3361 ealarnns)
933 3277 1024 3364 lerose
1034 3257 1131 3346 estrei
1141 3259 1218 3358 ipsa

228 3398 316 3484 (Isai.
331 3398 449 3482 XXIX,
465 3400 529 3484 13),
545 3400 736 3478 suscitatus,
761 3399 884 3466 audivi:
907 3417 945 3468 ne
959 3399 1100 3466 eanonioi
1113 3398 1218 3484 pura·

228 3521 336 3586 rentur
350 3519 515 3604 stipendio,
526 3519 729 3605 dispositione
743 3519 789 3606 pii
801 3518 871 3599 riri,
885 3522 1053 3604 antequam
1062 3516 1219 3584 Lutherus

230 3618 450 3724 nominaretur,
471 3640 638 3726 proventus
651 3639 817 3724 perpetuos
846 3637 982 3708 officium
1010 3621 1218 3706 illudreoita·
1287 3732 1288 3736 Ἰ

230 3761 310 3828 turis
325 3760 513 3827 destinantis
523 3760 708 3847 reninienuo.

275 3870 485 3950 ‹Neosolum
505 3881 539 3948 in
562 3880 681 3967 templo
706 3877 775 3958 illo,
803 3877 904 3947 sedin
917 3880 980 3947 alio
995 3898 1116 3968 quoque
1130 3883 1216 3952 extra
