3124 5126
747 535 931 598 -tts-

356 720 549 802 maritauis,
572 738 675 810 quam
694 735 796 785 nemo
813 715 930 805 legere
947 722 1116 803 potuerat.
1135 714 1342 806 Interpreta-

355 853 474 914 tuscst
487 841 590 912 etiam
606 859 787 908 numerum
802 837 887 912 909,
901 833 1114 925 inscriptioni
1128 835 1338 927 appositum,

354 985 423 1057 quo
464 961 641 1053 designari
674 960 762 1028 dixit
796 958 941 1049 spatium
971 957 1139 1048 temporis
1166 956 1211 1024 ab
1250 976 1341 1026 auno

355 1075 401 1142 lh
425 1072 522 1162 regui
541 1069 733 1142 Salomonis
755 1067 799 1138 ad
819 1067 989 1136 Christum
1021 1064 1160 1148 ducem,
1181 1064 1338 1157 adeoque

354 1193 571 1285 prophetiam
587 1213 662 1261 esse
679 1189 723 1259 de
737 1190 815 1259 lesu
838 1185 986 1258 Christo.

401 1315 540 1385 Interea
570 1313 772 1393 hostislaus,
792 1310 959 1380 Moraviae
986 1309 1071 1390 dux,
1087 1309 1219 1402 legato's
1247 1311 1339 1382 misit

351 1435 395 1506 ad
413 1435 615 1506 Michaelem
646 1435 905 1524 imperatorem,
926 1451 1053 1521 rogans
1081 1441 1117 1499 ut
1144 1432 1257 1502 virum
1277 1435 1340 1503 ali-

280 1556 282 1560 ’
351 1579 453 1650 quom
481 1557 644 1628 idoneum
668 1553 873 1634 destinaret,
895 1553 953 1643 qui
979 1563 1116 1642 gentem
1146 1555 1338 1638 llloravam,

351 1680 430 1780 licet
444 1679 516 1768 jam
547 1678 787 1759 christianam,
810 1675 957 1766 amplius
978 1696 1097 1744 veram
1113 1664 1217 1744 fidem
1250 1676 1338 1747 edo-

350 1801 444 1872 ceret
474 1802 532 1894 lCl,
565 1801 657 1870 Misit
703 1797 846 1867 Michael
887 1781 1007 1866 ambos
1047 1799 1183 1881 fratres,
1220 1812 1351 1890 utpote

349 1923 591 1995 Thessalonica
617 1920 795 2000 oriundos,
827 1940 868 1988 ac
897 1920 1043 2010 proinde
1071 1921 1235 1990 slavicam
1264 1921 1338 1990 lin-

349 2065 454 2137 guam
490 2046 581 2114 hene
619 2045 796 2112 callentes.
818 2042 1062 2111 Constantinus
1093 2025 1336 2134 philosophae,

348 2165 428 2236 licet
458 2177 665 2258 aegrotaret,
681 2187 754 2234 non
778 2165 908 2256 respuit
929 2165 1140 2247 missionem,
1162 2165 1223 2234 sed
1254 2167 1339 2238 lusis

348 2271 522 2384 precibus,
536 2289 626 2356 illico
641 2289 674 2356 in
691 2285 873 2377 fingendas
887 2285 1020 2356 litteras
1033 2285 1224 2356 sloveuicas
1242 2289 1339 2359 incu-

344 2410 434 2494 buit,
452 2409 696 2500 transtulitque
713 2407 934 2498 llvaugelium
947 2408 1113 2490 loannis3
1132 2411 1223 2476 etita
1235 2408 1337 2479 donis

340 2531 562 2624 'imperatoris
576 2543 610 2600 et
631 2530 754 2599 litteris
777 2529 919 2613 (litatus,
948 2531 1014 2598 iter
1037 2530 1249 2601 llloravieum
1270 2553 1333 2624 ag-

341 2674 484 2747 gressus
497 2670 549 2725 est
566 2653 628 2745 (C),
650 2651 811 2722 Methodo
825 2654 1014 2722 comitante
1031 2653 1101 2746 (M).
1120 2653 1246 2742 Magna
1265 2672 1333 2721 ve-

343 2777 523 2846 neratione
550 2779 689 2867 excepit
707 2777 992 2878 eumllostislaus
1011 2779 1172 2870 princeps
1189 2777 1247 2868 (C),
1268 2797 1333 2847 nee

342 2900 467 2969 minori
494 2899 611 2969 laetitia
654 2898 796 2968 allectus
834 2899 896 2966 luit
930 2899 1076 2990 populus
1106 2921 1333 2984 moranus;e

341 3031 477 3104 contra,
499 3023 612 3092 clerus
631 3021 851 3110 germanicus
880 3021 1022 3092 multum
1053 3019 1242 3093 slavonicae
1260 3025 1331 3093 lin·

341 3165 421 3234 guae
448 3144 524 3213 usui
558 3143 823 3214 adversabatur.
856 3144 981 3213 lllansit
1013 3143 1060 3212 ibi
1089 3145 1333 3219 Constantinus

337 3285 399 3357 per
416 3285 552 3336 meuses
564 3265 794 3358 quadraginta
812 3264 966 3358 (triginta
985 3278 1207 3350 sextantum,
1225 3269 1330 3358 Juxta

340 3387 538 3479 Legendam
559 3386 814 3481 pannonicam),
831 3388 957 3480 quibus
989 3391 1150 3481 peractis,
1185 3393 1328 3462 Romam

338 3509 539 3589 arcessitur,
559 3511 750 3602 pergitque·
774 3505 838 3601 per
858 3509 1023 3579 ditionem
1039 3512 1169 3594 Kuceli,
1193 3514 1328 3604 princi-

172 3669 175 3676 ·
280 3619 281 3624 ’
338 3629 388 3722 pis
405 3630 607 3713 Pannonias,
625 3631 684 3722 qui
701 3633 731 3700 ei
751 3633 1007 3724 qninquaginta
1036 3633 1227 3735 discipulos
1259 3635 1327 3705 ad-

334 3749 451 3838 junxit
468 3751 526 3843 (Cl.
556 3751 713 3822 Venetiae
740 3752 928 3845 disputavit
954 3767 1074 3824 contra
1105 3753 1272 3845 quosdam
1305 3774 1326 3823 e

337 3869 431 3952 clero
461 3872 725 3956 contundentes,
748 3875 841 3944 nulla
869 3876 936 3946 alia
954 3877 1072 3968 lingua
1093 3877 1143 3946 uti
1170 3877 1275 3947 licere
1290 3876 1324 3946 in

1500 2076 1502 2135 l
