3124 5126
830 588 998 649 ..95-

416 759 499 836 fidei
514 763 715 837 christianae
732 761 827 856 apud
856 760 1033 834 Ruthenos
1055 760 1155 834 initio
1175 764 1409 836 consuetudo.

418 887 462 959 Ut
475 889 668 959 renitentes
682 887 885 958 idololatras
899 884 1111 956 Vladimirus
1128 886 1202 957 dux
1216 885 1414 982 baptizatus

418 1021 580 1096 terreret,
613 1013 727 1104 legem
757 1010 888 1094 sanxit,
917 1009 1068 1080 neminis
1096 1009 1244 1080 cadaver
1271 1012 1417 1105 sepeliri

418 1156 520 1228 posse
538 1135 598 1228 qui
615 1135 829 1204 christianus
845 1153 915 1202 non
933 1143 1024 1204 esset
1042 1160 1049 1218 ;
1077 1142 1184 1226 utque
1202 1134 1315 1226 legem
1337 1136 1414 1205 effi-

420 1235 594 1330 caciorem
612 1257 789 1342 redderet,
813 1255 1058 1349 apponendum
1087 1277 1225 1349 quoque
1246 1258 1350 1349 jussit
1368 1259 1416 1329 ad

421 1401 543 1451 manus
568 1379 758 1472 sepeliendi
790 1376 873 1448 fidei
903 1377 1105 1448 christianae
1137 1378 1172 1447 in
1208 1400 1278 1472 qua
1309 1379 1420 1450 homo

421 1504 561 1576 obiisset
589 1501 874 1594 chirographum,
902 1502 977 1572 sive
1003 1503 1145 1595 propria
1166 1524 1245 1573 eam
1268 1504 1418 1597 professi

421 1630 577 1702 defuncti
602 1650 721 1713 manu,
742 1627 819 1698 sive
846 1627 997 1697 ministri
1014 1629 1240 1701 ecclesiastici
1258 1631 1417 1701 testimo·

422 1753 481 1822 nio
515 1750 768 1822 roborandum.
792 1750 885 1819 Arsit
910 1771 976 1819 nec
1001 1751 1237 1823 exhumandis
1262 1753 1418 1824 cadave-

423 1875 522 1946 ribus
549 1876 644 1944 zelus
680 1871 859 1943 christiani
888 1873 1057 1966 principis
1083 1895 1253 1967 parcens;
1288 1876 1424 1946 nullius

423 1999 497 2069 sine
516 2000 636 2070 charta
652 1999 716 2068 hac
734 2000 912 2068 inventum
931 1995 1130 2090 sepelientis
1148 2000 1285 2085 crimini
1300 2001 1423 2070 indul·

425 2144 513 2214 gens
528 2161 537 2214 ;
577 2144 647 2215 quo
662 2122 818 2192 exiliatae
834 2122 1040 2192 idololatriae
1059 2121 1163 2192 linem
1184 2125 1256 2218 ipse
1273 2126 1419 2209 faceret,

425 2247 485 2339 qui
504 2245 727 2328 inRussiam,
745 2245 835 2314 sicut
866 2244 1033 2330 diximuS,
1062 2245 1286 2316 christianam
1313 2245 1422 2318 fidem
1483 2221 1485 2225 ι

411 2367 623 2462 induxerat.
643 2368 827 2452 Successit,
855 2380 1013 2438 cessante
1039 2367 1107 2438 fine
1131 2370 1231 2460 legis,
1258 2371 1420 2455 deuotio,

428 2503 465 2564 ut
483 2514 559 2562 eam
583 2494 827 2562 caeremoniam
846 2490 1001 2561 Ecclesia
1022 2494 1294 2578 conservaverit,
1315 2495 1348 2562 in
1369 2495 1423 2564 ri-

427 2627 572 2709 tumque
601 2618 696 2709 pium
723 2613 864 2684 'verterit
895 2615 1093 2708 apponendi
1127 2617 1351 2710 sepeliendis,
1386 2620 1421 2688 in

429 2742 548 2812 charta
565 2761 781 2832 expressam,
805 2750 840 2810 et
876 2739 957 2809 fidei
975 2741 1136 2811 obeuntis
1156 2743 1419 2836 professionem,

430 2867 638 2958 piorumque
660 2864 736 2956 spei
760 2874 796 2933 et
818 2864 971 2933 caritatis
989 2885 1073 2955 erga
1099 2867 1208 2936 Deum
1236 2878 1271 2936 et
1295 2869 1421 2961 proxi-

433 3008 527 3056 mum
545 2997 683 3055 actuum
701 2985 898 3066 formulam,
920 2998 955 3056 et
980 2985 1257 3078 deprecatoriam
1284 2987 1425 3059 ahsolu-

433 3111 537 3181 tionis
551 3113 658 3203 super
675 3120 849 3180 mortuum
869 3107 1037 3180 exhibitae
1053 3110 1214 3182 ritualem
1232 3113 1426 3184 observan-

433 3235 532 3320 tiam,
558 3256 662 3304 manu
684 3232 882 3328 presbyteri
908 3243 1115 3306 attestatum.
1156 3235 1193 3305 ln
1216 3235 1344 3328 quibus
1367 3237 1427 3330 qui
1470 3287 1474 3300 .
1502 3335 1509 3352 ι

434 3356 482 3426 nil
502 3356 624 3426 falsum
651 3357 770 3448 nilque
794 3377 863 3424 non
884 3355 980 3448 pium
997 3355 1188 3443 desideret,
1209 3357 1428 3452 praeallega-

434 3486 504 3549 tam
522 3487 647 3571 quaest.
667 3475 772 3547 LXVl
787 3477 957 3568 integram
977 3479 1146 3571 perlegat.

785 3783 1077 3801 *n*-
