3172 5130
618 603 802 665 -151-

214 782 763 877 excepissesacerdotes(popm)
781 783 1035 876 pontificalibus
1057 784 1206 870 indutoS,
1242 798 1250 817 ⁸

214 917 391 996 portantes
416 885 564 990 cruces,
611 905 757 986 vexilla,
799 905 980 998 imagines,
1034 904 1209 976 thuribula

214 1027 394 1099 fumantia.
408 1028 486 1099 Post
501 1028 575 1112 hos,
586 1028 762 1121 principes
778 1039 813 1097 et
822 1027 1035 1099 consiliarios
1049 1029 1162 1100 Czaris
1176 1042 1210 1100 et

214 1153 369 1244 reliquos
396 1151 542 1234 nobiles
565 1151 667 1220 binos
697 1161 732 1220 et
751 1149 853 1221 binos
872 1151 1093 1242 processisse,
1129 1153 1207 1244 ple-

214 1297 340 1368 rosque
361 1295 474 1345 ramos
520 1275 708 1366 palmarum
744 1285 911 1366 gestasse.
944 1275 1011 1345 llos
1040 1286 1207 1365 sequntos

217 1407 403 1488 utrumqne
431 1395 570 1466 Czarem
602 1395 699 1465 Iwan
732 1407 767 1466 et
797 1395 935 1464 Petrum
970 1369 1206 1466 Aleniowitcb

214 1523 338 1593 fratres
353 1534 436 1592 tunc
454 1521 555 1591 simul
573 1530 774 1612 regnantes,
791 1519 886 1612 qnia
904 1529 1053 1610 quatuor
1074 1520 1205 1590 boiaris

213 1643 397 1738 splendide
413 1644 547 1714 vestitis
563 1641 839 1712 deducebantur.
865 1642 949 1712 Czar
970 1655 1115 1734 uterque
1139 1663 1206 1734 pa-

213 1767 376 1837 triarchae
394 1786 535 1858 equum,
552 1765 750 1855 cni-longas
765 1785 870 1834 aures
886 1761 1072 1834 artificiose
1104 1764 1204 1835 addi-

216 1889 386 1960 derantut
398 1888 495 1958 asino
510 1899 602 1958 esset
621 1888 755 1969 similis,
787 1888 946 1957 manibus
960 1887 1113 1956 habenas
1132 1889 1205 1958 lon·
1274 1943 1277 1952 .

215 2013 390 2103 giuscnlas
424 2023 593 2093 tenentes,
637 2009 824 2082 ducebant.
859 2011 972 2080 Fictns
1003 2011 1061 2113 ille
1089 2012 1207 2083 asinus

214 2135 316 2226 nigro
335 2155 449 2226 pauno
467 2136 743 2216 involutns’erat,
763 2134 817 2202 oni
836 2133 1045 2225 patriarcha,
1079 2155 1121 2204 eo
1138 2154 1208 2228 quo

171 2281 173 2285 ·
216 2259 308 2350 apud
325 2279 387 2328 nos
406 2257 571 2326 mulieres
598 2256 755 2348 equitare
781 2255 895 2324 solent
916 2255 1032 2340 modo,
1063 2256 1205 2342 insedit,

215 2380 356 2451 indutus
389 2377 645 2472 pontificalibus
683 2377 939 2471 pretiosissimis
969 2378 1136 2462 vestibus,
1172 2380 1208 2448 in

216 2503 329 2596 capite
353 2512 495 2593 gestans
530 2501 666 2570 mitram
702 2499 890 2571 unionibus
920 2499 1131 2576 distinctam.
1153 2499 1209 2570 oui

214 2644 318 2694 aurea
351 2625 614 2716 superimposita
635 2634 712 2694 erat
731 2614 872 2694 corona.
895 2624 1036 2707 Dextra,¹
1070 2643 1209 2694 crucem

215 2767 356 2818 auream
373 2744 557 2816 adamante
583 2747 755 2827 ornatam,
780 2767 849 2838 qna
869 2745 1033 2838 populum
1061 2744 1209 2812 adstan-

215 2882 284 2942 tem
317 2866 558 2940 benedicebat.
574 2865 631 2940 Ad
663 2869 771 2940 latera
792 2879 865 2938 eta
886 2879 985 2958 tergo
1006 2867 1212 2960 patriarchae

214 2992 424 3064 incedebant
453 2995 697 3086 metropolitae,
729 2993 882 3086 episcopi
899 3004 933 3060 et
951 2993 1211 3061 alliecclesias-

215 3115 285 3200 tici,
318 3115 426 3186 libros
460 3136 552 3208 pars,
585 3137 665 3208 pars
687 3116 862 3186 thuribula
894 3127 1085 3208 portantes,
1123 3136 1212 3208 quos

215 3238 369 3330 primarii
404 3248 616 3309 mercatores
644 3251 679 3308 et
714 3238 860 3330 populns
889 3235 1133 3307 comitabatur.
1169 3238 1206 3322 ln

135 3456 137 3462 Ι
216 3363 270 3432 via
314 3382 499 3455 puerorum
534 3362 672 3455 plurimi
705 3362 794 3453 jussi
824 3371 925 3430 erant
955 3361 1146 3431 consistere
1176 3372 1212 3431 et

214 3487 339 3580 partim
371 3459 687 3571 vestimentissuis‚
720 3485 844 3580 partim
874 3485 950 3555 aliis
980 3485 1085 3556 rebus
1120 3485 1211 3555 viam

201 3620 385 3694 sternere,
407 3620 443 3680 ut
459 3611 510 3680 sic
526 3631 587 3704 per
602 3611 681 3680 illas
695 3610 819 3679 Czares
833 3619 868 3678 et
898 3607 1096 3702 patriarcha
1114 3607 1210 3678 innc-

214 3731 299 3804 dere
330 3742 469 3826 possent
475 3787 548 3804 .....
588 3733 712 3804 Czares
740 3733 804 3802 bac
833 3731 964 3800 ratione
1002 3730 1212 3803 humilitatis

215 3855 422 3926 documenta
437 3877 475 3926 se
492 3854 643 3940 dedisse,
665 3857 800 3950 ipsique
814 3855 981 3924 Salvatori
995 3855 1086 3924 bunc
1103 3853 1211 3925 hono-

216 3997 302 4061 rem,
327 3976 431 4070 idque
460 3978 494 4046 in
515 3977 713 4050 memoriam
748 3977 871 4071 ipsius,
908 3973 1109 4046 exhibuisse
1128 3997 1212 4046 cre·
