<?xml version="1.0" encoding="UTF-8"?>
<!DOCTYPE html PUBLIC "-//W3C//DTD XHTML 1.0 Transitional//EN"
    "http://www.w3.org/TR/xhtml1/DTD/xhtml1-transitional.dtd">
<html xmlns="http://www.w3.org/1999/xhtml" xml:lang="en" lang="en">
 <head>
  <title>
</title>
<meta http-equiv="Content-Type" content="text/html;charset=utf-8" />
  <meta name='ocr-system' content='tesseract 3.04.00' />
  <meta name='ocr-capabilities' content='ocr_page ocr_carea ocr_par ocr_line ocrx_word'/>
</head>
<body>
  <div class='ocr_page' id='page_1' title='image "./brevisenarratio00ribegoog/brevisenarratio00ribegoog_0090.png"; bbox 0 0 3124 5126; ppageno 0'>
   <div class='ocr_carea' id='block_1_1' title="bbox 626 587 788 648">
    <p class='ocr_par' dir='ltr' id='par_1_1' title="bbox 626 587 788 648">
     <span class='ocr_line' id='line_1_1' title="bbox 626 587 788 648; baseline 0.025 -18"><span class='ocrx_word' id='word_1_1' title='bbox 626 587 788 648; x_wconf 73' lang='lat' dir='ltr'>-5l·*·</span> 
     </span>
    </p>
   </div>
   <div class='ocr_carea' id='block_1_2' title="bbox 125 749 1204 4044">
    <p class='ocr_par' dir='ltr' id='par_1_2' title="bbox 125 749 1204 4044">
     <span class='ocr_line' id='line_1_2' title="bbox 209 749 1204 851; baseline 0.013 -31"><span class='ocrx_word' id='word_1_2' title='bbox 209 751 291 844; x_wconf 78' lang='lat' dir='ltr'>gica</span> <span class='ocrx_word' id='word_1_3' title='bbox 317 749 419 836; x_wconf 85' lang='lat' dir='ltr'>thesi,</span> <span class='ocrx_word' id='word_1_4' title='bbox 448 769 553 842; x_wconf 89' lang='lat' dir='ltr'>quarn</span> <span class='ocrx_word' id='word_1_5' title='bbox 584 757 700 820; x_wconf 89' lang='lat' dir='ltr'>tamen</span> <span class='ocrx_word' id='word_1_6' title='bbox 724 773 842 824; x_wconf 87' lang='lat' dir='ltr'>coram</span> <span class='ocrx_word' id='word_1_7' title='bbox 873 776 929 826; x_wconf 90' lang='lat' dir='ltr'>me</span> <span class='ocrx_word' id='word_1_8' title='bbox 962 776 1032 827; x_wconf 94' lang='lat' dir='ltr'>non</span> <span class='ocrx_word' id='word_1_9' title='bbox 1057 759 1204 851; x_wconf 85' lang='lat' dir='ltr'>contigit</span> 
     </span>
     <span class='ocr_line' id='line_1_3' title="bbox 212 870 1203 974; baseline 0.008 -30"><span class='ocrx_word' id='word_1_10' title='bbox 212 871 421 968; x_wconf 85' lang='lat' dir='ltr'>impugnari.</span> <span class='ocrx_word' id='word_1_11' title='bbox 439 871 529 942; x_wconf 88' lang='lat' dir='ltr'>Satis</span> <span class='ocrx_word' id='word_1_12' title='bbox 543 870 736 944; x_wconf 85' lang='lat' dir='ltr'>discussum</span> <span class='ocrx_word' id='word_1_13' title='bbox 751 875 786 946; x_wconf 93' lang='lat' dir='ltr'>id</span> <span class='ocrx_word' id='word_1_14' title='bbox 800 876 836 948; x_wconf 94' lang='lat' dir='ltr'>in</span> <span class='ocrx_word' id='word_1_15' title='bbox 851 879 1049 949; x_wconf 82' lang='lat' dir='ltr'>Florentina</span> <span class='ocrx_word' id='word_1_16' title='bbox 1066 881 1203 974; x_wconf 87' lang='lat' dir='ltr'>synodo</span> 
     </span>
     <span class='ocr_line' id='line_1_4' title="bbox 205 997 1202 1097; baseline 0.008 -29"><span class='ocrx_word' id='word_1_17' title='bbox 205 997 380 1068; x_wconf 76' lang='lat' dir='ltr'>catholice</span> <span class='ocrx_word' id='word_1_18' title='bbox 398 1016 593 1090; x_wconf 80' lang='lat' dir='ltr'>exposuere</span> <span class='ocrx_word' id='word_1_19' title='bbox 611 998 786 1091; x_wconf 90' lang='lat' dir='ltr'>sapientes</span> <span class='ocrx_word' id='word_1_20' title='bbox 812 1000 925 1074; x_wconf 85' lang='lat' dir='ltr'>Graeci</span> <span class='ocrx_word' id='word_1_21' title='bbox 945 1031 953 1073; x_wconf 93' lang='lat'>:</span> <span class='ocrx_word' id='word_1_22' title='bbox 974 1003 1067 1097; x_wconf 92' lang='lat' dir='ltr'>qnod</span> <span class='ocrx_word' id='word_1_23' title='bbox 1088 1005 1202 1077; x_wconf 89' lang='lat' dir='ltr'>histo-</span> 
     </span>
     <span class='ocr_line' id='line_1_5' title="bbox 207 1118 1203 1212; baseline 0.012 -24"><span class='ocrx_word' id='word_1_24' title='bbox 207 1121 276 1206; x_wconf 90' lang='lat' dir='ltr'>ria,</span> <span class='ocrx_word' id='word_1_25' title='bbox 296 1118 510 1212; x_wconf 80' lang='lat' dir='ltr'>dogmaticas</span> <span class='ocrx_word' id='word_1_26' title='bbox 525 1121 781 1193; x_wconf 87' lang='lat' dir='ltr'>controversias</span> <span class='ocrx_word' id='word_1_27' title='bbox 796 1144 874 1194; x_wconf 89' lang='lat' dir='ltr'>cum</span> <span class='ocrx_word' id='word_1_28' title='bbox 892 1145 960 1196; x_wconf 92' lang='lat' dir='ltr'>non</span> <span class='ocrx_word' id='word_1_29' title='bbox 978 1125 1133 1212; x_wconf 88' lang='lat' dir='ltr'>decidat,</span> <span class='ocrx_word' id='word_1_30' title='bbox 1157 1129 1203 1200; x_wconf 91' lang='lat' dir='ltr'>ad</span> 
     </span>
     <span class='ocr_line' id='line_1_6' title="bbox 125 1240 1202 1332; baseline 0.007 -21"><span class='ocrx_word' id='word_1_31' title='bbox 125 1273 127 1277; x_wconf 28' lang='lat' dir='ltr'>v</span> <span class='ocrx_word' id='word_1_32' title='bbox 208 1251 396 1312; x_wconf 87' lang='lat' dir='ltr'>tractatum</span> <span class='ocrx_word' id='word_1_33' title='bbox 437 1240 485 1311; x_wconf 91' lang='lat' dir='ltr'>de</span> <span class='ocrx_word' id='word_1_34' title='bbox 524 1242 757 1313; x_wconf 81' lang='lat' dir='ltr'>sacramentis</span> <span class='ocrx_word' id='word_1_35' title='bbox 789 1245 946 1318; x_wconf 79' lang='lat' dir='ltr'>remittit.</span> <span class='ocrx_word' id='word_1_36' title='bbox 993 1247 1202 1332; x_wconf 74' lang='lat' dir='ltr'>Consecrant</span> 
     </span>
     <span class='ocr_line' id='line_1_7' title="bbox 210 1365 1202 1464; baseline 0.004 -25"><span class='ocrx_word' id='word_1_37' title='bbox 210 1377 342 1452; x_wconf 88' lang='lat' dir='ltr'>tamen,</span> <span class='ocrx_word' id='word_1_38' title='bbox 361 1366 426 1437; x_wconf 90' lang='lat' dir='ltr'>etsi</span> <span class='ocrx_word' id='word_1_39' title='bbox 451 1365 486 1436; x_wconf 93' lang='lat' dir='ltr'>in</span> <span class='ocrx_word' id='word_1_40' title='bbox 513 1365 579 1436; x_wconf 90' lang='lat' dir='ltr'>hoc</span> <span class='ocrx_word' id='word_1_41' title='bbox 608 1377 767 1438; x_wconf 82' lang='lat' dir='ltr'>errantes</span> <span class='ocrx_word' id='word_1_42' title='bbox 793 1367 905 1439; x_wconf 86' lang='lat' dir='ltr'>Graeci</span> <span class='ocrx_word' id='word_1_43' title='bbox 924 1396 935 1440; x_wconf 43' lang='lat'>1:</span> <span class='ocrx_word' id='word_1_44' title='bbox 963 1371 1045 1464; x_wconf 92' lang='lat' dir='ltr'>quia</span> <span class='ocrx_word' id='word_1_45' title='bbox 1075 1369 1202 1444; x_wconf 88' lang='lat' dir='ltr'>Christi</span> 
     </span>
     <span class='ocr_line' id='line_1_8' title="bbox 208 1487 1201 1583; baseline 0.001 -21"><span class='ocrx_word' id='word_1_46' title='bbox 208 1488 319 1562; x_wconf 85' lang='lat' dir='ltr'>verba</span> <span class='ocrx_word' id='word_1_47' title='bbox 336 1511 405 1560; x_wconf 92' lang='lat' dir='ltr'>non</span> <span class='ocrx_word' id='word_1_48' title='bbox 422 1487 635 1574; x_wconf 89' lang='lat' dir='ltr'>omittentes,</span> <span class='ocrx_word' id='word_1_49' title='bbox 656 1510 863 1561; x_wconf 86' lang='lat' dir='ltr'>consecrare</span> <span class='ocrx_word' id='word_1_50' title='bbox 889 1491 1075 1563; x_wconf 89' lang='lat' dir='ltr'>intendunt</span> <span class='ocrx_word' id='word_1_51' title='bbox 1099 1493 1201 1583; x_wconf 86' lang='lat' dir='ltr'>juxta</span> 
     </span>
     <span class='ocr_line' id='line_1_9' title="bbox 205 1609 1200 1706; baseline 0.006 -24"><span class='ocrx_word' id='word_1_52' title='bbox 205 1613 407 1704; x_wconf 77' lang='lat' dir='ltr'>generalem</span> <span class='ocrx_word' id='word_1_53' title='bbox 425 1609 531 1683; x_wconf 86' lang='lat' dir='ltr'>tidem</span> <span class='ocrx_word' id='word_1_54' title='bbox 551 1613 728 1698; x_wconf 77' lang='lat' dir='ltr'>Ecclesiae,</span> <span class='ocrx_word' id='word_1_55' title='bbox 746 1635 814 1706; x_wconf 90' lang='lat' dir='ltr'>qua</span> <span class='ocrx_word' id='word_1_56' title='bbox 830 1636 898 1684; x_wconf 94' lang='lat' dir='ltr'>non</span> <span class='ocrx_word' id='word_1_57' title='bbox 914 1613 1112 1700; x_wconf 88' lang='lat' dir='ltr'>deficiente,</span> <span class='ocrx_word' id='word_1_58' title='bbox 1130 1638 1200 1688; x_wconf 93' lang='lat' dir='ltr'>non</span> 
     </span>
     <span class='ocr_line' id='line_1_10' title="bbox 204 1735 1198 1830; baseline -0.001 -20"><span class='ocrx_word' id='word_1_59' title='bbox 204 1737 309 1810; x_wconf 85' lang='lat' dir='ltr'>obest</span> <span class='ocrx_word' id='word_1_60' title='bbox 326 1735 520 1830; x_wconf 83' lang='lat' dir='ltr'>ignorantia</span> <span class='ocrx_word' id='word_1_61' title='bbox 538 1747 596 1807; x_wconf 90' lang='lat' dir='ltr'>aut</span> <span class='ocrx_word' id='word_1_62' title='bbox 611 1756 711 1807; x_wconf 84' lang='lat' dir='ltr'>error</span> <span class='ocrx_word' id='word_1_63' title='bbox 724 1737 870 1829; x_wconf 83' lang='lat' dir='ltr'>legitimi</span> <span class='ocrx_word' id='word_1_64' title='bbox 884 1747 919 1807; x_wconf 87' lang='lat' dir='ltr'>et</span> <span class='ocrx_word' id='word_1_65' title='bbox 935 1738 1011 1808; x_wconf 91' lang='lat' dir='ltr'>veri</span> <span class='ocrx_word' id='word_1_66' title='bbox 1031 1738 1198 1825; x_wconf 90' lang='lat' dir='ltr'>ministri;</span> 
     </span>
     <span class='ocr_line' id='line_1_11' title="bbox 203 1858 1201 1953; baseline -0.001 -18"><span class='ocrx_word' id='word_1_67' title='bbox 203 1862 297 1936; x_wconf 87' lang='lat' dir='ltr'>siout</span> <span class='ocrx_word' id='word_1_68' title='bbox 323 1860 353 1930; x_wconf 89' lang='lat' dir='ltr'>si</span> <span class='ocrx_word' id='word_1_69' title='bbox 385 1858 565 1953; x_wconf 88' lang='lat' dir='ltr'>baptizans</span> <span class='ocrx_word' id='word_1_70' title='bbox 593 1860 659 1931; x_wconf 90' lang='lat' dir='ltr'>sub</span> <span class='ocrx_word' id='word_1_71' title='bbox 689 1881 774 1932; x_wconf 89' lang='lat' dir='ltr'>vera</span> <span class='ocrx_word' id='word_1_72' title='bbox 802 1861 914 1931; x_wconf 85' lang='lat' dir='ltr'>forma</span> <span class='ocrx_word' id='word_1_73' title='bbox 941 1871 976 1930; x_wconf 89' lang='lat' dir='ltr'>at</span> <span class='ocrx_word' id='word_1_74' title='bbox 1007 1861 1201 1934; x_wconf 89' lang='lat' dir='ltr'>intentione</span> 
     </span>
     <span class='ocr_line' id='line_1_12' title="bbox 208 1981 1200 2075; baseline -0.002 -20"><span class='ocrx_word' id='word_1_75' title='bbox 208 1981 376 2055; x_wconf 72' lang='lat' dir='ltr'>Ecclesiae</span> <span class='ocrx_word' id='word_1_76' title='bbox 391 1993 529 2075; x_wconf 89' lang='lat' dir='ltr'>putaret</span> <span class='ocrx_word' id='word_1_77' title='bbox 559 1983 676 2074; x_wconf 87' lang='lat' dir='ltr'>aliqua</span> <span class='ocrx_word' id='word_1_78' title='bbox 701 2003 749 2052; x_wconf 85' lang='lat' dir='ltr'>ex</span> <span class='ocrx_word' id='word_1_79' title='bbox 774 1982 993 2053; x_wconf 86' lang='lat' dir='ltr'>orationibus</span> <span class='ocrx_word' id='word_1_80' title='bbox 1020 1984 1200 2054; x_wconf 82' lang='lat' dir='ltr'>lavacrum</span> 
     </span>
     <span class='ocr_line' id='line_1_13' title="bbox 203 2105 1200 2199; baseline 0.001 -21"><span class='ocrx_word' id='word_1_81' title='bbox 203 2106 499 2199; x_wconf 86' lang='lat' dir='ltr'>consequentibus</span> <span class='ocrx_word' id='word_1_82' title='bbox 515 2117 770 2178; x_wconf 87' lang='lat' dir='ltr'>sacramentum</span> <span class='ocrx_word' id='word_1_83' title='bbox 793 2105 883 2176; x_wconf 88' lang='lat' dir='ltr'>fieri.</span> <span class='ocrx_word' id='word_1_84' title='bbox 905 2107 977 2176; x_wconf 91' lang='lat' dir='ltr'>Nec</span> <span class='ocrx_word' id='word_1_85' title='bbox 999 2107 1034 2175; x_wconf 95' lang='lat' dir='ltr'>in</span> <span class='ocrx_word' id='word_1_86' title='bbox 1056 2108 1200 2179; x_wconf 91' lang='lat' dir='ltr'>materia</span> 
     </span>
     <span class='ocr_line' id='line_1_14' title="bbox 204 2225 1201 2321; baseline 0.003 -23"><span class='ocrx_word' id='word_1_87' title='bbox 204 2228 444 2320; x_wconf 84' lang='lat' dir='ltr'>aequivooetur</span> <span class='ocrx_word' id='word_1_88' title='bbox 459 2225 582 2320; x_wconf 87' lang='lat' dir='ltr'>aliquis</span> <span class='ocrx_word' id='word_1_89' title='bbox 601 2225 701 2319; x_wconf 82' lang='lat' dir='ltr'>(siout</span> <span class='ocrx_word' id='word_1_90' title='bbox 717 2225 888 2319; x_wconf 90' lang='lat' dir='ltr'>quosdam</span> <span class='ocrx_word' id='word_1_91' title='bbox 905 2225 1051 2319; x_wconf 80' lang='lat' dir='ltr'>audivi),</span> <span class='ocrx_word' id='word_1_92' title='bbox 1073 2239 1201 2321; x_wconf 87' lang='lat' dir='ltr'>putans</span> 
     </span>
     <span class='ocr_line' id='line_1_15' title="bbox 206 2348 1196 2445; baseline -0.001 -23"><span class='ocrx_word' id='word_1_93' title='bbox 206 2350 329 2422; x_wconf 86' lang='lat' dir='ltr'>vinum</span> <span class='ocrx_word' id='word_1_94' title='bbox 356 2348 585 2445; x_wconf 12' lang='lat' dir='ltr'>*purissimum</span> <span class='ocrx_word' id='word_1_95' title='bbox 614 2349 938 2420; x_wconf 85' lang='lat' dir='ltr'>Rutheuo-Graecos</span> <span class='ocrx_word' id='word_1_96' title='bbox 966 2370 1196 2439; x_wconf 89' lang='lat' dir='ltr'>consecrare,</span> 
     </span>
     <span class='ocr_line' id='line_1_16' title="bbox 205 2470 1201 2566; baseline 0 -22"><span class='ocrx_word' id='word_1_97' title='bbox 205 2495 286 2552; x_wconf 90' lang='lat' dir='ltr'>cum</span> <span class='ocrx_word' id='word_1_98' title='bbox 302 2474 388 2566; x_wconf 80' lang='lat' dir='ltr'>legit</span> <span class='ocrx_word' id='word_1_99' title='bbox 405 2493 532 2566; x_wconf 90' lang='lat' dir='ltr'>aquam</span> <span class='ocrx_word' id='word_1_100' title='bbox 549 2471 698 2542; x_wconf 88' lang='lat' dir='ltr'>calidam</span> <span class='ocrx_word' id='word_1_101' title='bbox 716 2470 878 2542; x_wconf 88' lang='lat' dir='ltr'>adhiberi</span> <span class='ocrx_word' id='word_1_102' title='bbox 895 2471 995 2543; x_wconf 88' lang='lat' dir='ltr'>calici</span> <span class='ocrx_word' id='word_1_103' title='bbox 1022 2493 1122 2544; x_wconf 88' lang='lat' dir='ltr'>suero</span> <span class='ocrx_word' id='word_1_104' title='bbox 1140 2496 1201 2544; x_wconf 93' lang='lat' dir='ltr'>su-</span> 
     </span>
     <span class='ocr_line' id='line_1_17' title="bbox 202 2593 1199 2689; baseline -0.002 -22"><span class='ocrx_word' id='word_1_105' title='bbox 202 2596 348 2682; x_wconf 90' lang='lat' dir='ltr'>mendo,</span> <span class='ocrx_word' id='word_1_106' title='bbox 367 2607 510 2689; x_wconf 88' lang='lat' dir='ltr'>peracto</span> <span class='ocrx_word' id='word_1_107' title='bbox 526 2593 710 2666; x_wconf 88' lang='lat' dir='ltr'>sacrificio.</span> <span class='ocrx_word' id='word_1_108' title='bbox 729 2595 826 2666; x_wconf 89' lang='lat' dir='ltr'>Ritus</span> <span class='ocrx_word' id='word_1_109' title='bbox 850 2593 1024 2687; x_wconf 87' lang='lat' dir='ltr'>siquidem</span> <span class='ocrx_word' id='word_1_110' title='bbox 1048 2593 1114 2664; x_wconf 91' lang='lat' dir='ltr'>iste</span> <span class='ocrx_word' id='word_1_111' title='bbox 1142 2595 1199 2687; x_wconf 90' lang='lat' dir='ltr'>(de</span> 
     </span>
     <span class='ocr_line' id='line_1_18' title="bbox 206 2713 1198 2811; baseline 0.001 -24"><span class='ocrx_word' id='word_1_112' title='bbox 206 2737 276 2809; x_wconf 91' lang='lat' dir='ltr'>quo</span> <span class='ocrx_word' id='word_1_113' title='bbox 295 2717 425 2811; x_wconf 88' lang='lat' dir='ltr'>postea)</span> <span class='ocrx_word' id='word_1_114' title='bbox 442 2737 511 2788; x_wconf 91' lang='lat' dir='ltr'>non</span> <span class='ocrx_word' id='word_1_115' title='bbox 530 2717 618 2788; x_wconf 92' lang='lat' dir='ltr'>tollit</span> <span class='ocrx_word' id='word_1_116' title='bbox 636 2738 657 2788; x_wconf 89' lang='lat' dir='ltr'>a</span> <span class='ocrx_word' id='word_1_117' title='bbox 675 2716 805 2788; x_wconf 88' lang='lat' dir='ltr'>Graecis</span> <span class='ocrx_word' id='word_1_118' title='bbox 823 2736 959 2788; x_wconf 87' lang='lat' dir='ltr'>sacram</span> <span class='ocrx_word' id='word_1_119' title='bbox 970 2713 1198 2788; x_wconf 85' lang='lat' dir='ltr'>‘traditionem</span> 
     </span>
     <span class='ocr_line' id='line_1_19' title="bbox 206 2839 1200 2946; baseline 0.001 -36"><span class='ocrx_word' id='word_1_120' title='bbox 206 2839 378 2910; x_wconf 87' lang='lat' dir='ltr'>miscendi</span> <span class='ocrx_word' id='word_1_121' title='bbox 400 2839 638 2946; x_wconf 78' lang='lat' dir='ltr'>consecrando</span> <span class='ocrx_word' id='word_1_122' title='bbox 662 2841 746 2912; x_wconf 84' lang='lat' dir='ltr'>vino</span> <span class='ocrx_word' id='word_1_123' title='bbox 764 2840 937 2911; x_wconf 91' lang='lat' dir='ltr'>tantillum</span> <span class='ocrx_word' id='word_1_124' title='bbox 956 2859 1079 2931; x_wconf 76' lang='lat' dir='ltr'>aquae,</span> <span class='ocrx_word' id='word_1_125' title='bbox 1098 2840 1200 2930; x_wconf 81' lang='lat' dir='ltr'>juxta</span> 
     </span>
     <span class='ocr_line' id='line_1_20' title="bbox 199 2960 1200 3056; baseline 0.002 -27"><span class='ocrx_word' id='word_1_126' title='bbox 199 2981 308 3053; x_wconf 81' lang='lat' dir='ltr'>quam</span> <span class='ocrx_word' id='word_1_127' title='bbox 327 2961 362 3031; x_wconf 95' lang='lat' dir='ltr'>in</span> <span class='ocrx_word' id='word_1_128' title='bbox 381 2961 519 3053; x_wconf 83' lang='lat' dir='ltr'>liturgia</span> <span class='ocrx_word' id='word_1_129' title='bbox 540 2960 647 3056; x_wconf 79' lang='lat' dir='ltr'>[apud</span> <span class='ocrx_word' id='word_1_130' title='bbox 664 2962 766 3034; x_wconf 86' lang='lat' dir='ltr'>Goar.</span> <span class='ocrx_word' id='word_1_131' title='bbox 788 2984 825 3031; x_wconf 96' lang='lat' dir='ltr'>n.</span> <span class='ocrx_word' id='word_1_132' title='bbox 852 2960 910 3054; x_wconf 79' lang='lat' dir='ltr'>l0)</span> <span class='ocrx_word' id='word_1_133' title='bbox 929 2972 1104 3054; x_wconf 78' lang='lat' dir='ltr'>praeparat</span> <span class='ocrx_word' id='word_1_134' title='bbox 1120 2960 1200 3031; x_wconf 87' lang='lat' dir='ltr'>dia·</span> 
     </span>
     <span class='ocr_line' id='line_1_21' title="bbox 197 3075 1197 3173; baseline 0.003 -20"><span class='ocrx_word' id='word_1_135' title='bbox 197 3075 310 3156; x_wconf 85' lang='lat' dir='ltr'>conus</span> <span class='ocrx_word' id='word_1_136' title='bbox 342 3085 501 3173; x_wconf 87' lang='lat' dir='ltr'>calicem,</span> <span class='ocrx_word' id='word_1_137' title='bbox 535 3085 723 3157; x_wconf 84' lang='lat' dir='ltr'>infundens</span> <span class='ocrx_word' id='word_1_138' title='bbox 750 3085 873 3156; x_wconf 88' lang='lat' dir='ltr'>vinum</span> <span class='ocrx_word' id='word_1_139' title='bbox 903 3106 1008 3155; x_wconf 89' lang='lat' dir='ltr'>manu</span> <span class='ocrx_word' id='word_1_140' title='bbox 1036 3085 1197 3172; x_wconf 85' lang='lat' dir='ltr'>dextera,</span> 
     </span>
     <span class='ocr_line' id='line_1_22' title="bbox 199 3208 1199 3303; baseline 0 -23"><span class='ocrx_word' id='word_1_141' title='bbox 199 3208 373 3303; x_wconf 89' lang='lat' dir='ltr'>simulque</span> <span class='ocrx_word' id='word_1_142' title='bbox 391 3231 518 3303; x_wconf 84' lang='lat' dir='ltr'>aquam</span> <span class='ocrx_word' id='word_1_143' title='bbox 531 3210 680 3282; x_wconf 91' lang='lat' dir='ltr'>sinistra.</span> <span class='ocrx_word' id='word_1_144' title='bbox 697 3210 769 3280; x_wconf 93' lang='lat' dir='ltr'>lmo</span> <span class='ocrx_word' id='word_1_145' title='bbox 783 3208 943 3282; x_wconf 77' lang='lat' dir='ltr'>Graecum</span> <span class='ocrx_word' id='word_1_146' title='bbox 961 3208 1199 3280; x_wconf 89' lang='lat' dir='ltr'>celebrantem</span> 
     </span>
     <span class='ocr_line' id='line_1_23' title="bbox 201 3331 1200 3425; baseline 0 -22"><span class='ocrx_word' id='word_1_147' title='bbox 201 3331 276 3403; x_wconf 88' lang='lat' dir='ltr'>vidi</span> <span class='ocrx_word' id='word_1_148' title='bbox 289 3333 408 3423; x_wconf 90' lang='lat' dir='ltr'>junior</span> <span class='ocrx_word' id='word_1_149' title='bbox 427 3333 636 3419; x_wconf 87' lang='lat' dir='ltr'>Barcinone,</span> <span class='ocrx_word' id='word_1_150' title='bbox 657 3333 713 3404; x_wconf 92' lang='lat' dir='ltr'>cui</span> <span class='ocrx_word' id='word_1_151' title='bbox 729 3331 843 3422; x_wconf 91' lang='lat' dir='ltr'>objeci</span> <span class='ocrx_word' id='word_1_152' title='bbox 868 3342 942 3425; x_wconf 89' lang='lat' dir='ltr'>post</span> <span class='ocrx_word' id='word_1_153' title='bbox 968 3353 1119 3420; x_wconf 88' lang='lat' dir='ltr'>sacrum,</span> <span class='ocrx_word' id='word_1_154' title='bbox 1141 3334 1200 3403; x_wconf 93' lang='lat' dir='ltr'>ni·</span> 
     </span>
     <span class='ocr_line' id='line_1_24' title="bbox 201 3455 1202 3549; baseline 0.002 -23"><span class='ocrx_word' id='word_1_155' title='bbox 201 3455 309 3527; x_wconf 90' lang='lat' dir='ltr'>miam</span> <span class='ocrx_word' id='word_1_156' title='bbox 341 3478 418 3528; x_wconf 90' lang='lat' dir='ltr'>meo</span> <span class='ocrx_word' id='word_1_157' title='bbox 447 3455 561 3527; x_wconf 90' lang='lat' dir='ltr'>videri</span> <span class='ocrx_word' id='word_1_158' title='bbox 596 3456 744 3527; x_wconf 88' lang='lat' dir='ltr'>infusam</span> <span class='ocrx_word' id='word_1_159' title='bbox 776 3455 821 3526; x_wconf 89' lang='lat' dir='ltr'>ab</span> <span class='ocrx_word' id='word_1_160' title='bbox 857 3476 900 3526; x_wconf 91' lang='lat' dir='ltr'>eo</span> <span class='ocrx_word' id='word_1_161' title='bbox 930 3475 1072 3548; x_wconf 85' lang='lat' dir='ltr'>aquam,</span> <span class='ocrx_word' id='word_1_162' title='bbox 1102 3457 1202 3549; x_wconf 91' lang='lat' dir='ltr'>quasi</span> 
     </span>
     <span class='ocr_line' id='line_1_25' title="bbox 199 3577 1202 3670; baseline -0.001 -21"><span class='ocrx_word' id='word_1_163' title='bbox 199 3577 460 3662; x_wconf 81' lang='lat' dir='ltr'>destructuram</span> <span class='ocrx_word' id='word_1_164' title='bbox 475 3577 549 3650; x_wconf 91' lang='lat' dir='ltr'>vini</span> <span class='ocrx_word' id='word_1_165' title='bbox 565 3578 792 3650; x_wconf 88' lang='lat' dir='ltr'>substantiam</span> <span class='ocrx_word' id='word_1_166' title='bbox 811 3577 1063 3648; x_wconf 87' lang='lat' dir='ltr'>consecrationi</span> <span class='ocrx_word' id='word_1_167' title='bbox 1082 3577 1202 3670; x_wconf 88' lang='lat' dir='ltr'>requi-</span> 
     </span>
     <span class='ocr_line' id='line_1_26' title="bbox 203 3700 1201 3797; baseline -0.002 -23"><span class='ocrx_word' id='word_1_168' title='bbox 203 3702 324 3791; x_wconf 89' lang='lat' dir='ltr'>sitam;</span> <span class='ocrx_word' id='word_1_169' title='bbox 341 3701 385 3773; x_wconf 87' lang='lat' dir='ltr'>ad</span> <span class='ocrx_word' id='word_1_170' title='bbox 402 3700 496 3797; x_wconf 92' lang='lat' dir='ltr'>quod</span> <span class='ocrx_word' id='word_1_171' title='bbox 512 3712 647 3774; x_wconf 89' lang='lat' dir='ltr'>tantum</span> <span class='ocrx_word' id='word_1_172' title='bbox 664 3701 840 3773; x_wconf 89' lang='lat' dir='ltr'>levissime</span> <span class='ocrx_word' id='word_1_173' title='bbox 856 3700 1035 3796; x_wconf 91' lang='lat' dir='ltr'>respondit</span> <span class='ocrx_word' id='word_1_174' title='bbox 1054 3730 1062 3772; x_wconf 91' lang='lat'>:</span> <span class='ocrx_word' id='word_1_175' title='bbox 1080 3702 1201 3772; x_wconf 93' lang='lat' dir='ltr'>vinum</span> 
     </span>
     <span class='ocr_line' id='line_1_27' title="bbox 206 3823 1202 3918; baseline 0 -22"><span class='ocrx_word' id='word_1_176' title='bbox 206 3845 284 3897; x_wconf 87' lang='lat' dir='ltr'>esse</span> <span class='ocrx_word' id='word_1_177' title='bbox 317 3824 383 3898; x_wconf 90' lang='lat' dir='ltr'>sibi</span> <span class='ocrx_word' id='word_1_178' title='bbox 415 3827 604 3918; x_wconf 85' lang='lat' dir='ltr'>ingratum.</span> <span class='ocrx_word' id='word_1_179' title='bbox 642 3823 823 3896; x_wconf 85' lang='lat' dir='ltr'>Adhibent</span> <span class='ocrx_word' id='word_1_180' title='bbox 855 3824 1004 3896; x_wconf 87' lang='lat' dir='ltr'>Rutheui</span> <span class='ocrx_word' id='word_1_181' title='bbox 1035 3825 1070 3895; x_wconf 94' lang='lat' dir='ltr'>in</span> <span class='ocrx_word' id='word_1_182' title='bbox 1101 3825 1202 3896; x_wconf 90' lang='lat' dir='ltr'>initio</span> 
     </span>
     <span class='ocr_line' id='line_1_28' title="bbox 203 3947 1201 4044; baseline -0.002 -24"><span class='ocrx_word' id='word_1_183' title='bbox 203 3969 346 4043; x_wconf 82' lang='lat' dir='ltr'>aquam,</span> <span class='ocrx_word' id='word_1_184' title='bbox 367 3948 594 4044; x_wconf 90' lang='lat' dir='ltr'>copiosiorem</span> <span class='ocrx_word' id='word_1_185' title='bbox 618 3948 761 4036; x_wconf 86' lang='lat' dir='ltr'>Latinis,</span> <span class='ocrx_word' id='word_1_186' title='bbox 781 3947 844 4020; x_wconf 90' lang='lat' dir='ltr'>sed</span> <span class='ocrx_word' id='word_1_187' title='bbox 857 3969 963 4042; x_wconf 86' lang='lat' dir='ltr'>quam</span> <span class='ocrx_word' id='word_1_188' title='bbox 977 3949 1097 4020; x_wconf 89' lang='lat' dir='ltr'>vinum</span> <span class='ocrx_word' id='word_1_189' title='bbox 1117 3970 1201 4041; x_wconf 84' lang='lat' dir='ltr'>per-</span> 
     </span>
    </p>
   </div>
   <div class='ocr_carea' id='block_1_3' title="bbox 0 0 1566 5126">
    <p class='ocr_par' dir='ltr' id='par_1_3' title="bbox 0 0 1566 5126">
     <span class='ocr_line' id='line_1_29' title="bbox 0 0 1566 5126; baseline 0 1"><span class='ocrx_word' id='word_1_190' title='bbox 0 0 1566 5126; x_wconf 95' lang='lat' dir='ltr'> </span> 
     </span>
    </p>
   </div>
  </div>
 </body>
</html>
