3172 5130
634 599 821 666 -181-

221 808 371 883 quorum
390 783 528 858 veritati
541 784 574 856 ci
586 783 650 879 qui
664 805 684 857 tt
698 805 755 856 me
770 805 839 857 uou
856 783 978 858 credat
994 790 1215 884 comperien-

223 911 294 996 ἀεὶ,
323 906 536 981 ordinariam
565 907 722 979 chartam
752 907 938 981 slavonicis
972 910 1064 1005 typis
1094 911 1213 986 dutum

224 1032 541 1124 lmuslutorumque
556 1030 702 1124 scriptos
721 1051 904 1104 conservo.
955 1051 958 1058 ·

272 1152 447 1250 Scriptum
462 1153 733 1248 chirographum
753 1154 801 1224 itu
821 1164 934 1226 sonat.
1043 1227 1045 1232 ,

238 1313 242 1356 ;
278 1277 398 1352 Frouti
429 1276 539 1371 prius,
568 1277 858 1372 circumcinctum
892 1289 995 1373 caput
1027 1283 1218 1376 apponitur

223 1401 322 1498 quusi
335 1397 563 1494 sesquidigito
577 1398 936 1482 latachartaelaseiolt
956 1401 1004 1474 ita
1018 1401 1212 1500 descripta:

281 1529 434 1600 «Sancte
444 1524 541 1596 Deus
556 1520 720 1618 †suucle
732 1526 830 1597 lortis
846 1523 876 1620 †
892 1538 1013 1600 sancte
1029 1527 1219 1604 immorta-

223 1653 269 1726 lis
280 1647 310 1745 ἦ·
320 1650 488 1722 miserere
501 1633 616 1720 uobis.
634 1677 652 1712 n
667 1687 716 1700 -

274 1772 412 1845 Folium
442 1769 525 1843 dein
557 1780 742 1842 extensum
774 1769 905 1844 charlae
932 1793 979 1844 ex
1007 1795 1078 1846 uua
1112 1785 1212 1869 parte

225 1905 329 1992 typos
346 1893 564 1988 exprimens,
580 1890 755 1986 duplicem
772 1893 967 1966 orationem
991 1897 1218 1989 sequentibus

225 2017 337 2090 titulis
352 2027 388 2089 et
404 2017 514 2088 lorma
531 2013 703 2087 exhibens
720 2042 728 2086 :

413 2245 559 2303 omnmo,
577 2244 664 2296 SPRS
776 2244 825 2297 BT
842 2239 1094 2302 cuxrmcxt'to

417 2344 649 2396 cnmsmrtrtt
776 2345 910 2395 ANIMAE
923 2345 962 2396 ut
979 2346 1077 2398 stou.

261 2537 328 2608 «lu
343 2538 402 2610 tali
415 2559 475 2632 spe
487 2538 653 2632 quislibet
666 2535 885 2608 orthodoxus
894 2535 1105 2608 christianus
1115 2527 1221 2609 homo

160 2741 162 2746 ,
228 2659 355 2733 vivens
377 2683 418 2733 ac
448 2663 570 2753 legens
590 2661 671 2764 hoc,
692 2658 732 2730 lit
763 2659 810 2732 de
826 2660 901 2754 ipso
926 2671 1056 2747 certus,
1076 2660 1172 2755 quod
1188 2662 1222 2734 ei

229 2784 413 2876 quivitem
437 2804 535 2855 suom
572 2782 700 2868 finivit,
730 2783 764 2854 iu
797 2784 1015 2874 tumulojom
1039 2787 1225 2858 constituto

155 2949 157 2956 ·
230 2905 451 2979 utilissimum
471 2916 577 2978 estut
595 2904 671 2977 haec
684 2905 805 2976 charta
823 2903 981 2976 manibus
1011 2916 1233 3000 opponatur.-

279 3028 467 3101 «Universi
481 3027 644 3100 Conditor
667 3037 702 3100 et
730 3029 958 3121 Omnipotens
990 3028 1081 3100 Deus
1107 3029 1221 3117 Pater,

230 3153 323 3226 Deus
336 3152 418 3240 Fili,
435 3155 526 3226 Deus
537 3155 685 3248 Spiritus
702 3152 844 3242 Sancte,
861 3154 985 3224 Triuus
996 3154 1031 3224 iu
1048 3157 1223 3248 personis,

232 3275 328 3348 Unus
345 3276 381 3347 iu
417 3276 565 3360 heitom,
602 3275 795 3347 substantio
813 3285 850 3345 et
869 3276 1034 3360 essentia,
1056 3265 1112 3345 ¹ab
1127 3277 1224 3348 omui

230 3411 390 3474 creatura
407 3402 467 3496 qui
486 3407 655 3496 perpetuo
677 3399 905 3493 glorificaris:
924 3401 996 3472 Tua
1009 3401 1227 3473 benevolen-

232 3523 334 3596 tiauc
367 3525 586 3618 praescientia
614 3536 718 3618 etque
750 3523 919 3596 immensa
940 3525 1127 3596 clementia
1149 3521 1232 3614 tut,'

233 3647 456 3720 inenerrabili
482 3660 541 3719 tua
560 3648 743 3742 sapientia,
764 3653 798 3718 iu
819 3647 940 3719 muudi
973 3648 1075 3740 hujus
1106 3663 1225 3723 terre·
1311 3665 1312 3669 ’

233 3769 314 3841 stris
339 3782 373 3842 et
404 3771 553 3843 visibilis
574 3771 763 3842 existentia
792 3772 901 3843 factus
920 3780 954 3843 et
979 3781 1119 3844 creatus
1148 3795 1226 3856 sum

233 3891 465 3984 ego,famulus
478 3893 616 3986 tuuslN.
627 3949 652 3966 ..
667 3891 824 3980 defuncti
838 3895 992 3989 nomon),
1005 3905 1041 3966 ut
1055 3895 1103 3966 Te
1113 3895 1227 3972 Domi·

233 4039 318 4089 uum
332 4037 447 4089 meum
462 4015 692 4110 glorificarem
705 4027 741 4090 et
757 4017 964 4090 extollerem
983 4040 1110 4092 nomeu
1129 4031 1226 4092 tuum
