3172 5130
627 633 813 700 -·18⁷-

211 815 395 904 lt'puver't‘s,
409 827 477 890 etc.
496 815 646 890 Videtur
662 815 742 890 hinc
757 820 844 890 insol
851 817 956 892 ubilis
970 821 1100 895 illatio:
1121 839 1207 917 ergo

210 944 279 1016 soli
302 943 406 1017 Petro
434 941 515 1017 data
548 953 602 1018 est
636 953 732 1016 tanta
757 945 961 1032 auctoritas,
987 957 1118 1042 quanta
1144 947 1206 1022 toti

211 1063 377 1138 Ecclesiae
399 1085 487 1137 :nec
508 1063 676 1162 Ecclesiae
693 1066 850 1154 dataest,
868 1067 936 1140 nisi
951 1067 1207 1164 comprehenso

211 1187 246 1258 in
281 1187 357 1282 ipsa
380 1187 484 1260 Petro
514 1189 640 1284 capite,
670 1187 746 1262 sine
777 1209 847 1286 quo
879 1188 1034 1264 Ecclesia
1059 1210 1129 1266 non
1155 1197 1208 1270 est

208 1331 316 1406 quam
335 1309 493 1386 Christus
512 1311 685 1398 instituit3
706 1309 769 1386 sed
789 1333 916 1410 corpus
944 1313 1206 1412 acephalum...
1250 1355 1252 1360 ·

208 1433 258 1508 Ex
274 1434 329 1508 his
344 1435 454 1530 igitur
481 1448 677 1528 arguuntur
695 1433 811 1508 theses
840 1448 1039 1530 sequentes,
1061 1455 1143 1534 quae
1161 1437 1209 1514 ad

208 1577 368 1654 praesens
391 1558 552 1631 nituntur
569 1557 703 1631 eisdem
723 1557 917 1655 principiis.

262 1679 464 1756 consenso
485 1679 519 1754 l.
548 1679 653 1777 Papa,
674 1703 743 1777 qua
772 1703 954 1757 successor
982 1687 1089 1772 Petri,
1112 1681 1208 1766 eolus

209 1803 369 1896 ejusdem
387 1805 605 1878 auctoritatis
622 1817 674 1878 est
705 1806 742 1877 in
776 1808 1011 1902 proponendis
1026 1809 1207 1904 scripturis
1340 1911 1342 1916 Ι

208 1935 244 2002 ct
258 1927 479 2019 judicaturus
493 1927 539 2001 de
551 1927 728 2016 omnibus,
752 1927 842 2002 sieut
860 1941 932 2002 tota
951 1927 1107 2005 Ecclesia
1123 1953 1204 2006 cunr

207 2051 296 2146 ipso.
315 2048 415 2122 Ratio
438 2061 492 2123 est
508 2051 615 2137 clara,
636 2057 784 2146 etpatet
804 2049 841 2122 in
858 2051 976 2141 Petro,
996 2054 1095 2146 qu'us
1112 2051 1204 2150 Papa

207 2194 390 2246 successor
406 2184 472 2258 est,
491 2183 529 2245 ut
547 2171 716 2244 diximus.

258 2297 459 2388 Goncnnsro
483 2298 521 2372 2.
549 2295 730 2392 Siquidem
746 2295 900 2370 Ecclesia
918 2307 991 2370 tota
1011 2297 1203 2372 infallibilis

205 2431 259 2494 est
288 2421 424 2515 regula,
453 2431 491 2492 ut
516 2421 735 2516 supponitur,
756 2440 826 2491 non
842 2420 1020 2514 praescisa,
1040 2417 1196 2493 sedcum

204 2543 319 2638 capito
344 2544 438 2639 ipso;
455 2551 563 2634 caput
575 2545 697 2628 solum,
713 2539 747 2614 id
761 2553 813 2614 est
822 2563 938 2632 popu,
952 2564 1023 2638 qua
1035 2554 1141 2639 caput
1157 2555 1193 2616 st

204 2683 295 2760 papa
318 2676 372 2737 est
385 2666 466 2760 (non
484 2687 570 2738 vero
589 2676 626 2738 ut
640 2664 861 2761 particularis
880 2665 999 2752 homo,
1019 2663 1197 2758 quomodo

204 2809 289 2862 vere
306 2787 527 2884 deceptibilis
544 2785 621 2883 est),
642 2785 709 2859 erit
722 2787 870 2882 aequalis
886 2783 1142 2861 infallibilitatis
1155 2807 1197 2861 ac

204 2911 292 3006 ipsa.
313 2910 414 2982 Ratio
442 2919 497 2991 est
519 2910 656 2997 eadem,
681 2931 731 2982 ex
760 2909 980 2984 institutione
1003 2921 1039 2982 at
1069 2912 1198 3006 equali

202 3033 401 3106 assistentia
419 3031 561 3106 Christi.

249 3157 453 3231 cesennam
467 3155 505 3230 3.
528 3156 695 3242 Ecclesia,
717 3166 868 3228 vacante
882 3165 1025 3250 papatu,
1046 3177 1117 3259 non
1131 3175 1192 3252 po
1227 3137 1230 3143 ’

200 3293 268 3356 test
285 3303 394 3356 novas
411 3283 508 3375 leges
534 3277 699 3365 condere,
721 3297 804 3374 qnae
821 3278 999 3374 sequentis
1013 3275 1193 3353 Pontificis

199 3401 463 3478 confirmatione
482 3423 552 3474 non
567 3411 708 3495 egeant,
726 3421 794 3472 nec
817 3397 954 3496 aliquid
968 3399 1016 3472 da
1030 3395 1101 3472 fide
1117 3410 1193 3473 sta·

197 3539 310 3614 tuere,
329 3539 389 3600 aut
407 3534 625 3622 proponere;
649 3523 713 3597 sed
735 3523 895 3617 judicare
912 3537 948 3597 ct
967 3525 1125 3618 regulari
1138 3526 1194 3598 le·

197 3654 301 3751 gibus
324 3666 361 3726 et
383 3653 551 3726 doctrinis
574 3651 824 3724 antecedenter
841 3651 981 3724 habitis.
1003 3653 1105 3726 Ratio
1119 3669 1185 3744 est,

197 3776 279 3870 quia
295 3797 366 3848 non
383 3786 437 3847 est
451 3796 577 3871 corpus
593 3775 801 3869 perfeetum,
819 3773 915 3868 quod
929 3771 1088 3846 Christus
1108 3797 1191 3849 coo·

197 3897 289 3973 didit
304 3895 433 3968 visibili
449 3898 563 3993 eapite
592 3909 755 3974 constans
772 3897 807 3968 in
819 3901 945 3982 Petro·
974 3919 1086 3993 usque
1104 3899 1189 3974 dum

198 4041 329 4094 novum
347 4020 423 4112 ejus
434 4041 669 4092 successorem
690 4031 929 4112 recognoscat.
