3148 5132
313 867 317 874 ’
368 863 462 974 atum
486 886 584 955 etiam
603 886 765 972 arguebat.
782 885 918 955 Noverat
943 907 1064 974 quoque
1093 890 1361 977 Theophylactum

367 1012 562 1099 Lopetinsiri‚
584 1013 763 1100 episcopum
781 1013 978 1097 Tverenaem
996 1035 1090 1100 quem
1111 1016 1244 1083 summis
1257 1015 1363 1082 laudi·

367 1133 426 1202 bus
453 1133 567 1200 merito
594 1131 727 1214 extollit,
753 1132 830 1199 dum
857 1150 931 1200 eum
958 1135 1049 1202 vocat
1082 1134 1168 1202 ieter
1199 1135 1362 1218 epicorum

366 1251 655 1350 sapientissimm
662 1250 700 1317 ic
710 1249 828 1318 scholis
839 1251 1142 1334 succensurum
1153 1253 1274 1338 muodo
1282 1271 1360 1335 pro·

368 1369 727 1456 dcthamomjudc’ecna
740 1369 779 1436 dn
792 1373 859 1436 toto
870 1369 996 1439 Raecio
1002 1371 1179 1454 prelatum
1194 1371 1361 1438 maculis·

368 1497 486 1565 ao’mecu
503 1494 613 1580 (Resp.
637 1493 828 1578 Autcpolop.
856 1495 931 1560 seat.
947 1496 976 1576 1,
990 1513 1020 1560 n.
1038 1495 1098 1574 19).
1130 1494 1359 1581 Theophanem,

368 1613 503 1697 archiep.
515 1605 796 1696 No'vogrodenscm,
807 1611 916 1697 synodi
927 1612 1185 1698 Petroburganeis
1196 1612 1360 1697 uice-pra·

369 1738 469 1804 sidem
483 1735 515 1802 et
528 1733 652 1802 vixnon
667 1734 807 1800 omnium
825 1753 931 1801 rerum
947 1709 1230 1802 ecclesiasticarum
1254 1734 1361 1802 mode·

369 1859 515 1934 retorem,
527 1841 669 1923 nominat
682 1849 808 1941 quidem
819 1855 935 1924 Bibere
948 1876 1091 1942 persepe,
1106 1858 1140 1924 in
1154 1877 1190 1926 eo
1204 1857 1361 1926 laudando

370 1977 477 2044 umen
490 1974 531 2041 ad
544 1975 672 2044 modum
692 1993 802 2061 parcus
824 1977 882 2042 ast.
897 1975 929 2043 N
929 1995 964 2042 ec
989 1975 1166 2044 immerito:
1182 1978 1262 2044 hano
1277 1977 1362 2044 enim

369 2095 561 2182 provinciam
575 2095 688 2181 potiori
697 2095 769 2182 jure
782 2095 1000 2162 demandatam
1021 2095 1084 2164 sibi
1107 2096 1274 2164 voluerunt
1291 2117 1363 2183 pro·

372 2219 659 2305 testantes‚quippe
683 2238 816 2305 quorum
839 2219 990 2288 doctrinis
1014 2221 1091 2288 adeo
1117 2223 1261 2290 imbutus
1281 2225 1364 2290 esset

372 2334 429 2402 ille
439 2335 652 2422 Theophanes,
663 2336 701 2402 ut
710 2335 790 2402 alter
801 2335 939 2422 (tyrillus
953 2337 1083 2404 Lucana
1097 2355 1158 2404 non
1169 2356 1243 2406 sana
1253 2338 1366 2404 imme·

373 2455 434 2523 rito
447 2456 546 2540 possit
554 2457 745 2542 nuncupem
765 2476 859 2543 quem
873 2457 1086 2543 proptareead
1098 2459 1294 2546 episcopatus
1307 2461 1365 2526 ho·

374 2596 463 2646 nores
477 2577 643 2644 admittere
652 2577 798 2644 renuerat
811 2554 988 2661 Stephanus
1000 2578 1022 2645 J
1022 2578 1158 2656 evorslri,
1172 2577 1249 2645 olim
1261 2578 1365 2646 Eccle-

374 2703 429 2769 siae
447 2701 588 2782 exarcha,
602 2718 660 2766 neo
683 2717 867 2766 consensum
885 2699 1021 2784 praebuit
1044 2699 1108 2765 nisi
1132 2701 1267 2768 invitus:
1284 2699 1366 2786 quod

373 2818 581 2904 lugendorum
597 2819 679 2884 inter
693 2819 862 2903 utrumque
875 2818 1042 2904 prelatum
1052 2837 1220 2905 eorumque
1229 2823 1366 2889 asseclas

376 2939 518 3007 odiorum
541 2938 746 3006 seminarium
759 2938 833 3004 fuit.
855 2938 922 3004 Alii
936 2957 1046 3024 nempe
1066 2942 1156 3006 erent
1176 2959 1194 3006 a
1212 2939 1366 3008 catholica

377 3059 531 3145 religione
557 3059 688 3126 minime
715 3060 817 3126 aversi
842 3061 874 3126 et
896 3059 937 3129 ad
961 3063 1108 3128 unionem
1135 3078 1208 3128 cum
1230 3059 1261 3127 S.
1286 3059 1365 3128 Sede

378 3179 549 3247 ineundam
575 3178 682 3264 proni;
711 3178 786 3261 alii,
810 3179 979 3263 contra,ad
997 3179 1101 3245 caetra
1124 3177 1366 3264 protestantium

374 3307 510 3373 henaim
523 3305 616 3390 longe
629 3305 799 3390 paratiores
824 3323 919 3388 quam
941 3303 1076 3372 Romani
1088 3304 1247 3389 pontificis
1268 3323 1365 3390 agno·

375 3443 459 3494 scere
474 3423 705 3513 auctoritatem.

840 3603 897 3669 111.

421 3821 469 3885 10.
484 3816 653 3884 Praeiatam
670 3813 890 3882 tractationem
904 3811 943 3879 de
954 3811 1152 3880 confessione
1176 3812 1371 3879 catechetica

379 3941 455 4007 dnm
468 3937 566 4036 tacito
579 3935 722 4021 nihilque
735 3933 851 4001 dubius
866 3932 1039 3999 elaboraret
1061 3929 1099 3996 P.
1123 3930 1248 4012 Ribora,
1261 3930 1365 4014 inopi·

378 4061 451 4128 nato
476 4056 597 4138 debuit,
612 4055 784 4122 amicorum
798 4051 941 4138 precihus
952 4049 1141 4135 compulsus,
1155 4049 1195 4116 ad
1210 4049 1271 4117 elia
1293 4069 1363 4132 pro·

397 4189 399 4194 .
495 4187 502 4198 ,.
514 4191 516 4195 .
532 4171 553 4196 ,ἵ
