3124 5126
811 571 978 634 -66-
1103 585 1107 592 ’

386 739 479 812 daho
509 736 729 811 modestiam.
758 737 909 832 Nuptam
930 760 1018 838 pam,
1049 748 1132 810 ante
1152 757 1334 832 egressum
1360 763 1382 814 e

387 861 531 956 templo,
548 859 756 954 presbytero
773 858 808 928 in
829 860 1024 932 sacristiam
1042 858 1185 946 reduce,
1202 860 1381 936 adstantes

386 1009 462 1060 eam
480 1005 655 1079 excepere
673 982 844 1068 loeminae;
865 1005 969 1077 quam
986 983 1152 1079 lacrymis
1174 985 1375 1077 ejulantem,

387 1109 433 1182 ad
457 1107 578 1200 templi
596 1105 762 1198 angulum
780 1126 975 1200 appensum
1011 1117 1096 1204 post*
1114 1127 1267 1201 pannum
1290 1129 1379 1181 eou-

386 1231 536 1306 duxere.
578 1231 693 1300 Fletus
729 1229 922 1301 continuati
961 1230 1157 1324 ignoratam
1195 1234 1378 1327 requirens

275 1359 277 1362 ’
385 1374 541 1437 eausam,
574 1349 694 1422 audiri
720 1361 926 1443 sequentem
956 1378 964 1436 ς
993 1352 1200 1445 peetitorum
1227 1355 1376 1428 erinium

381 1487 522 1571 comptu
537 1473 638 1568 (dixit
652 1472 807 1565 quidam)
819 1472 872 1544 hio
884 1473 1160 1568 distinguuntur,
1176 1477 1245 1549 alio
1258 1479 1372 1573 virgo,

380 1600 449 1672 alio
467 1609 606 1692 nuptae3
620 1617 724 1689 quem
743 1578 881 1692 mutare
899 1617 974 1668 mos
996 1606 1045 1669 est
1062 1600 1170 1670 semel
1189 1611 1265 1672 rato
1282 1621 1374 1672 con-

381 1723 495 1815 iugio:
511 1739 707 1812 munusque
723 1717 758 1789 id
773 1717 838 1790 sibi
853 1730 995 1790 sumunt
1006 1721 1175 1808 feminae,
1191 1723 1375 1795 auferendi

381 1867 515 1918 comam
536 1843 747 1934 virgineam,
772 1852 809 1912 ut
827 1855 946 1938 nuptae
963 1863 1043 1936 quae
1066 1844 1139 1935 jam
1161 1855 1213 1916 est
1236 1845 1375 1938 siguum

292 2061 295 2066 A
380 1967 502 2040 offerat
524 1963 673 2059 nuptard
701 1964 919 2056 moroprium
945 1963 1165 2058 capillitium.
1193 1967 1286 2038 Facit
1311 1990 1377 2040 au-

381 2099 452 2161 tem
482 2090 556 2183 ipsa
584 2086 679 2181 quod
711 2099 852 2158 caeterae
874 2115 881 2158 :
902 2087 1038 2173 fletum,
1071 2089 1105 2158 in
1133 2088 1313 2185 perdendo
1332 2113 1377 2164 eo

379 2210 591 2304 virginitatis
619 2221 813 2312 earaetere,
844 2210 966 2280 saltem
989 2208 1134 2303 lingere.
1166 2210 1376 2306 capillatura

380 2346 530 2419 mutata,
560 2332 594 2402 in
618 2331 761 2403 domum
792 2332 858 2401 viri
884 2331 980 2403 dueit
1011 2354 1156 2403 uxorem
1183 2337 1376 2409 communis

379 2461 548 2541 societas;
571 2453 629 2525 nbi
657 2455 784 2524 festum
810 2455 925 2547 agitur
942 2455 1125 2550 civilisque
1151 2457 1369 2532 solemnitas.

379 2583 431 2653 Eo
457 2579 574 2673 plures
598 2576 789 2670 nuptialem
808 2576 997 2648 thalamum
1016 2575 1281 2652 benedicturum
1310 2582 1374 2654 ad·

380 2712 510 2775 vuoant
529 2698 733 2797 parouhnm.
745 2698 1028 2770 benedictionem
1045 2700 1136 2772 hano
1148 2724 1227 2774 cum
1244 2707 1376 2780 Euche-

379 2824 509 2917 logium
529 2842 683 2914 graecum
702 2843 769 2892 uon
789 2821 967 2902 exhibeat,
983 2821 1046 2893 sed
1060 2825 1254 2896 orationem
1268 2827 1374 2897 aliam

377 2970 439 3042 pro
461 2943 586 3014 coronis
602 2941 771 3027 solvendis,
795 2964 856 3023 seu
887 2941 985 3015 finito
1009 2947 1154 3041 nuptiali
1181 2948 1269 3019 festo
1296 2959 1375 3042 post

378 3067 558 3138 octiduum
577 3094 584 3136 :
602 3066 657 3137 vel
677 3067 851 3137 orationes
873 3066 1015 3138 rituales
1028 3066 1063 3138 in
1078 3067 1183 3138 domo
1201 3069 1372 3162 parochus

378 3200 527 3283 repetet,
545 3189 601 3259 vel
618 3188 826 3281 singularem
842 3189 990 3260 Rutheni
1004 3189 1196 3278 habebunt,
1214 3192 1268 3264 rel
1282 3213 1371 3264 eom-

378 3333 519 3384 mnnem
532 3309 786 3383 benedicentiae
801 3311 925 3382 domus
941 3312 1170 3406 adaptabunt.

430 3434 607 3506 Sordescit
627 3436 709 3512 bine
734 3436 976 3506 nonnullorum
1005 3436 1160 3508 calamus
1188 3435 1223 3506 in
1243 3457 1373 3508 eonse-

378 3558 581 3655 quentibus,
595 3558 672 3652 plus
684 3558 837 3629 referens
855 3558 1050 3630 libidinosae
1059 3558 1372 3630 mentisauetorum

378 3681 526 3765 somnia,
544 3703 648 3774 quam
673 3702 757 3753 vera
784 3681 1021 3753 Ruthenorum
1048 3681 1255 3754 nubentium
1282 3682 1373 3752 iacta

379 3807 522 3878 civilia:
544 3827 623 3875 nam
652 3817 689 3876 ut
718 3805 795 3876 haee
820 3804 908 3876 lictis
943 3804 1218 3912 obscenitatibus
1252 3825 1373 3876 maeu-

378 3931 463 4018 lent,
484 3950 585 4004 saera
612 3931 769 4025 polluere
783 3952 853 4013 non
874 3929 1028 4002 horrent.
1059 3931 1125 4016 Qui
1144 3930 1254 4019 aiunt,
1275 3952 1374 4025 nup-
