3172 5130
775 625 959 693 -176-

267 873 270 878 ,
362 830 403 882 ra
418 810 607 896 ordinaria,
628 811 721 883 licite
734 812 902 884 retinetur
920 811 955 883 in
969 809 1250 904 quadragesima.
1265 807 1355 884 Ubi-

363 953 515 1027 cumque
532 933 672 1008 tandem
687 944 739 1006 est
754 933 968 1007 consuetudo
981 934 1173 1028 approbata
1190 933 1245 1004 vel
1258 931 1354 1003 tole-

307 1091 308 1096 =
364 1063 441 1127 rata
450 1056 601 1151 publice,
617 1056 748 1149 vigeat,
765 1055 960 1150 usquedum
977 1077 1040 1150 per
1052 1056 1243 1128 Ecclesiam
1259 1054 1357 1128 atiud

365 1185 548 1249 statuatur.
568 1203 584 1244 u
611 1176 718 1269 (Eeho
734 1181 829 1281 fidei,
848 1189 936 1272 part.
949 1179 991 1263 ΙΙ,
1008 1199 1090 1274 pag.
1109 1180 1305 1274 tta-tat.)

752 1401 1013 1412 ...ω’-...νηη-

549 1590 770 1663 Arrnuntx
796 1591 883 1665 x111
908 1591 973 1688 (aa
992 1539 1071 1687 pag.
1101 1593 1175 1687 aa).

364 1821 404 1871 D}
420 1821 604 1870 rtutttmls
619 1777 981 1869 cataouait’uoaaaostto
997 1819 1186 1870 stalttlttuls
1200 1819 1358 1871 RUTHBMS·

363 2031 381 2088 .'
428 2049 444 2090 u
465 2021 520 2095 Ad
544 2021 802 2117 deponendam,
826 2024 872 2094 ita
900 2033 937 2095 ut
952 2023 1108 2094 defuncti
1122 2045 1225 2095 manu
1245 2023 1362 2096 eonti-

365 2155 506 2234 neatur,
527 2148 695 2231 chartam,
727 2169 829 2240 quam
861 2147 1013 2221 diximus
1045 2148 1210 2242 professae
1237 2147 1319 2219 fidei
1342 2169 1363 2218 a

367 2271 531 2344 defunctu
562 2271 809 2364 religionisque
835 2270 1121 2364 chirographum,
1156 2291 1228 2341 non
1261 2269 1364 2341 indu-

366 2406 495 2468 cuntur
513 2393 662 2466 Rutheni
678 2393 812 2466 eru-ritu
829 2394 989 2486 generati
1019 2392 1154 2466 Graeoae
1182 2392 1363 2468 Ecclesiae.

362 2518 660 2592 Laudabilissime
676 2540 751 2591 mos
767 2519 833 2590 iste
851 2519 1036 2592 innovatus
1062 2518 1100 2606 in
1126 2519 1249 2592 Russia
1284 2539 1367 2590 eum

339 2699 342 2705 .
368 2645 565 2717 introducta
583 2643 815 2716 communiter
837 2641 921 2730 fide,
949 2642 1016 2715 hac
1032 2642 1198 2728 stabilita,
1219 2642 1284 2714 fuit
1309 2642 1366 2736 pie

373 2775 548 2852 retentus3
568 2767 644 2860 qui,
663 2767 752 2860 sieut
766 2765 839 2838 vidi
858 2766 1003 2860 pluries,
1022 2786 1088 2838 neo
1107 2787 1171 2859 pro
1188 2763 1369 2860 pauperri-

372 2888 439 2961 mis
454 2888 625 2961 deiunotis
637 2882 835 2975 omittitur,
863 2908 941 2974 neo,
961 2887 1134 2982 siquidem
1153 2887 1189 2957 in
1202 2886 1369 2982 ‘principe

371 3011 500 3084 factum
529 3010 688 3097 adverti,
728 3033 791 3107 pro
817 3013 1040 3106 magnatibus
1071 3011 1364 3108 praetermittitur.

360 3136 482 3208 «Tanta
501 3135 695 3208 inolescunt
709 3134 902 3208 Lntherani
923 3136 1041 3230 plures
1058 3146 1179 3209 eontra
1190 3135 1280 3207 hano
1296 3155 1370 3207 caa-

373 3258 566 3330 remoniam
586 3258 749 3344 audacia;
770 3269 880 3343 tanta,
918 3259 1043 3331 horum
1074 3279 1158 3332 mox
1189 3255 1371 3349 vulganda

354 3435 356 3444 .
374 3378 511 3466 fraude,
526 3402 647 3476 sparsa
664 3392 717 3454 est
731 3403 794 3477 per
808 3383 982 3479 Europam
996 3383 1081 3454 faeti
1096 3381 1291 3478 ignorantia
1307 3409 1316 3468 ;
1333 3393 1372 3465 ut

374 3525 396 3575 e
412 3503 592 3575 remotiori
609 3505 719 3589 italia,
735 3526 805 3598 quo
825 3507 958 3578 facilius
974 3523 1030 3577 res
1047 3493 1245 3577 Germaniae
1263 3503 1371 3576 deve·

375 3623 490 3711 niunt,
505 3646 610 3718 quam
621 3646 668 3697 ex
681 3627 818 3714 duania,
831 3629 893 3700 vix
906 3649 976 3714 non
991 3625 1139 3699 credens
1151 3625 1370 3716 detractioni,

350 3793 356 3798 -
373 3768 436 3820 me
449 3749 600 3822 Muscuae
614 3760 698 3822 tuno
715 3749 914 3844 degentem,
930 3773 1033 3846 quem
1052 3749 1098 3823 ab
1111 3751 1326 3845 ingenuitate
1336 3762 1375 3824 et

376 3875 524 3948 veritate
553 3897 624 3948 non
660 3898 879 3951 recessurum
910 3887 1056 3950 noverat
1072 3854 1074 3858 ⁵
1089 3877 1241 3949 triennio
1269 3888 1374 3979 antea

378 3995 569 4083 Florentia,
589 3999 681 4072 serio
699 4021 761 4096 per
789 4001 924 4072 litteras
947 4020 1066 4072 mense
1087 3998 1251 4092 januario
1276 3995 1372 4072 ttae
