3148 5132
811 620 976 684 ..22-

394 785 592 882 tyrannidis
606 805 726 879 poeoas
739 783 816 870 luit,
834 783 963 858 lurenti
986 793 1064 878 post
1081 785 1211 879 ipsum,
1233 784 1388 862 Mosouae

345 951 347 958 ·
394 907 546 979 rutheno
559 908 593 977 in
612 909 758 980 l‘olouos
776 908 852 979 sine
866 905 1069 978 discrimine
1086 907 1216 999 gladio.
1239 908 1390 984 Basilius

396 1027 537 1098 interim
553 1031 783 1102 Ioannovitch
798 1025 964 1114 Schoislri,
986 1027 1138 1120 (loannis
1155 1028 1327 1116 Basilidis,
1348 1040 1387 1104 ut

395 1149 619 1236 crediderim,
641 1153 729 1227 alius
751 1154 826 1224 sivo
843 1171 962 1234 verus,
988 1149 1062 1221 sive
1086 1171 1188 1243 aeque
1215 1149 1387 1226 confictus

395 1268 501 1366 filius)
518 1273 645 1346 throno
658 1279 845 1369 politurae,
861 1273 1033 1366 superatis
1047 1272 1288 1344 Ruthenorum
1303 1274 1387 1346 Tza-

395 1415 470 1466 rem
496 1395 719 1468 salutantium
739 1395 889 1478 viribus,
908 1394 944 1464 in
961 1393 1136 1464 Poloniam
1153 1415 1173 1464 a
1191 1396 1388 1470 Demetria-

395 1517 451 1590 nis
478 1520 637 1612 captivus
658 1519 812 1604 ducitur,
843 1517 901 1589 uhi
923 1517 995 1609 juri
1024 1516 1220 1610 imperandi
1250 1528 1390 1592 coaetus

395 1638 537 1725 cedere,
565 1641 705 1733 reliquit
731 1651 767 1712 et
794 1640 935 1712 vitam:
968 1640 1150 1732 electoque
1179 1639 1322 1712 landem
1351 1641 1390 1712 in

398 1761 542 1832 Tzarem
563 1762 733 1835 Vladislao
750 1760 1072 1855 Sigismundovitoh
1097 1783 1190 1833 anno
1217 1766 1306 1832 llill
1331 1761 1390 1836 ad-

398 1892 541 1954 ventum
569 1885 748 1954 antemio
775 1884 933 1956 Russiam
961 1904 1024 1977 per
1053 1883 1227 1974 integrum
1257 1903 1390 1958 annum

398 2007 690 2099 procrastinante,
720 2008 811 2101 pulsi
828 2007 956 2098 integri
974 2027 994 2076 e
1020 2007 1161 2078 Mosoua
1179 2007 1312 2092 Poloni,
1333 2009 1350 2078 f
1367 2047 1390 2062 -

399 2125 507 2198 miliae
527 2130 705 2200 Romanor
724 2129 758 2222 [a
777 2139 861 2200 tunc
874 2128 986 2199 electo
1006 2127 1175 2198 Michaele
1188 2128 1391 2202 Theodoro·-

399 2248 509 2336 vitch,
542 2272 652 2345 usque
682 2251 728 2324 ad
761 2252 968 2323 hodiernam
1000 2251 1156 2336 Annam,
1193 2251 1391 2324 successive

399 2382 573 2466 sceptrum
588 2373 832 2469 moderaturus)
857 2375 1056 2446 coactisunt
1071 2373 1391 2446 remitterellussiat

399 2500 505 2573 totius
524 2503 787 2596 imperium.Tot
799 2505 834 2574 in
853 2466 948 2576 civili
959 2500 1138 2596 republica
1152 2501 1324 2574 novitates
1338 2503 1390 2575 ul·

400 2636 455 2696 tro
472 2625 836 2712 cavendae,vitandam
853 2625 1170 2696 exterorumetiam
1188 2627 1390 2718 religionem
1485 2663 1488 2671 ,

400 2748 541 2842 politice
571 2759 768 2819 moverunt.
800 2749 913 2840 thue
939 2747 1093 2840 profanis
1128 2750 1389 2840 negotiissaera

400 2867 533 2938 ferrent
560 2869 774 2961 suffragium,
796 2879 873 2961 post
889 2869 1041 2941 occisum
1060 2889 1141 2941 cum
1160 2868 1241 2940 licto
1259 2872 1391 2944 Deme-

397 2989 465 3062 trio
482 2991 669 3082 lgnatium,
694 3012 798 3083 quem
815 2991 873 3064 ille
900 2991 936 3062 in
963 2983 1199 3085 patriarchatu
1216 2993 1392 3085 praefece-

398 3120 452 3182 rat
469 3137 478 3195 ;
498 3133 618 3184 vacuae
632 3135 695 3207 per
708 3135 818 3186 annos
831 3115 1095 3208 quatuordeeim
1121 3135 1234 3186 sacrae
1250 3115 1326 3186 sedi
1345 3115 1391 3188 oh

398 3234 580 3305 confusum
599 3237 796 3330 imperium,
812 3239 1007 3312 destinatus
1019 3249 1071 3310 est
1085 3237 1294 3333 patriarcha,
1310 3237 1394 3312 novi

270 3359 282 3369 ’
400 3357 519 3430 Tnaris
533 3368 643 3452 pater,
662 3359 876 3448 Theodorus,
893 3374 1069 3456 assumpto
1087 3361 1182 3455 prius
1205 3362 1243 3432 in·
1266 3383 1394 3434 mona-

400 3482 505 3554 ohatu
521 3484 661 3554 nomine
689 3485 880 3557 Philareti:
902 3487 962 3579 qui
986 3506 1086 3556 sacra
1112 3487 1352 3558 auctoritates
1373 3526 1394 3538 -

402 3611 499 3674 turus
516 3603 703 3691 efficacior,
722 3609 888 3700 populum
908 3609 943 3678 in
963 3609 1057 3680 civili
1084 3606 1285 3680 obedientia
1310 3628 1395 3702 erga

401 3722 514 3798 lilium
544 3725 738 3802 roboraret.
760 3731 853 3822 Ergo
871 3731 1047 3825 ¹religioni
1060 3729 1242 3804 ducendus
1258 3745 1395 3804 extero-

405 3871 482 3923 rum
520 3851 657 3939 horror,
692 3854 770 3948 plus
795 3854 830 3924 in
860 3855 1007 3928 Polonos
1037 3852 1225 3941 effervens,
1257 3855 1396 3930 Latinos

404 3982 548 4047 cunctos
566 3976 692 4068 graecis
706 3977 817 4050 oculis
832 3977 921 4050 male
935 3976 1118 4074 aspiciens,
1136 3979 1394 4073 superciliosior
1471 3985 1475 4009 “
