3148 5132
623 633 791 698 ..27-

212 798 373 871 Carnium
403 819 526 884 esum,
546 799 620 871 vini
638 799 765 894 (adhuc
793 809 829 870 et
853 799 1058 886 cerevisiae,
1095 817 1204 890 quare
1237 823 1240 830 ’

210 921 347 1014 lupulus
371 920 559 1014 eradicant)
577 931 698 1016 potum
716 922 782 994 etsi
800 921 980 993 modicum
995 948 1003 1006 ;
1024 942 1103 993 cum
1126 919 1203 991 Ru-

211 1041 325 1112 thenis
340 1042 466 1114 alienae
491 1042 574 1115 fidei
597 1045 736 1116 civilem
770 1065 1010 1136 congressum,
1042 1050 1078 1113 et
1103 1040 1205 1134 piura

212 1163 292 1249 alia,
314 1164 418 1234 vetuti
433 1176 613 1259 peccatum
631 1165 811 1250 damnant3
832 1186 898 1235 nec
913 1165 1126 1257 ubicumque
1139 1181 1203 1232 ea-

213 1283 301 1357 dem'
313 1285 390 1378 (nec
405 1287 481 1358 sine
496 1288 649 1381 plurium
668 1289 754 1358 falso
771 1285 838 1357 sibi
857 1287 1106 1382 imputatorum
1130 1283 1204 1353 cri-

212 1407 344 1478 minum
370 1410 477 1502 nota);
509 1431 530 1480 a
559 1411 687 1504 quibus
716 1409 909 1494 erroribus,
941 1431 1005 1480 noc
1036 1405 1203 1497 benignis

212 1531 363 1614 monitis,
394 1552 461 1601 nec
488 1532 665 1616 violentis,
697 1553 779 1624 quae
803 1529 1046 1624 imperturbati
1075 1528 1201 1600 subie-

213 1655 472 1736 runt‚revocari
486 1665 629 1748 possunt
648 1653 840 1748 suppliciis.
861 1653 979 1726 Miseri
994 1653 1051 1724 isti
1067 1653 1103 1723 in
1124 1653 1207 1744 igne

212 1777 363 1871 probati,
383 1779 440 1848 cui
458 1779 509 1848 eis
526 1777 700 1849 destinato
725 1779 817 1848 ultro
834 1797 872 1848 se
889 1797 1029 1870 quoque
1047 1775 1205 1849 tradide-

214 1907 308 1982 runt,
328 1920 394 1970 nec
412 1900 517 1972 foeces
536 1921 616 1972 suas
636 1901 868 1992 reliquerunt:
889 1896 1115 1990 permittendi
1128 1906 1209 1968 tan-

211 2021 293 2092 dem
306 2043 327 2092 a
340 2023 444 2096 Petro
461 2023 487 2108 1,
504 2023 541 2094 in
559 2033 630 2096 toto
651 2023 808 2118 imperio,
822 2021 962 2114 signati,
985 2029 1023 2090 ut
1035 2019 1206 2104 diximus,

183 2215 185 2220 ,
211 2144 313 2239 quasi
330 2144 481 2218 iufamiae
499 2155 593 2218 nota.
615 2147 808 2240 Episcopus
822 2166 892 2214 non
906 2141 1050 2227 hahent,
1068 2141 1130 2213 sed
1144 2161 1210 2212 noc

213 2277 334 2338 carent
351 2268 471 2362 paucis
493 2269 722 2364 presbyteris,
743 2269 787 2338 ab
805 2266 978 2352 ecclesiis,
997 2274 1058 2336 aut
1078 2282 1209 2334 mona·-

210 2389 327 2460 steriis
345 2389 391 2460 ad
406 2410 466 2461 eos
482 2388 784 2484 confugientibus3
804 2389 864 2483 qui
881 2387 910 2458 si
929 2385 1137 2480 quandoque
1154 2386 1207 2456 eis

213 2511 392 2598 deficiant,
413 2512 458 2584 ad
484 2513 631 2584 aliorum
651 2533 751 2584 sacra
776 2521 812 2582 et
841 2510 1008 2581 ecclesias
1034 2530 1104 2579 non
1123 2527 1208 2578 con·

213 2646 385 2707 currunt:
406 2636 575 2727 eligentes
606 2635 720 2729 potius
749 2633 876 2720 nullos,
899 2653 1018 2725 quam,
1037 2640 1075 2702 ut
1097 2630 1208 2718 aiunt,

214 2759 383 2830 relaxatos
399 2767 435 2828 et
460 2777 645 2851 perversos
658 2755 791 2828 audire.
810 2757 877 2826 Eos
892 2763 1015 2826 vocant
1029 2751 1220 2832 Kuiznicos

215 2878 330 2974 (idest
347 2879 520 2966 eruditos,¹
533 2881 591 2950 vel
608 2880 702 2950 veris
719 2878 819 2949 libris
835 2899 928 2961 usos,
950 2897 971 2947 a
985 2873 1098 2970 Knipa
1115 2873 1211 2968 quod

218 2997 385 3096 cstiiber):
406 3002 593 3095 quiaenim
614 3001 765 3095 antiquis
778 3001 845 3072 iilis
863 2999 962 3072 libris
986 3005 1205 3083 assuescunt,

218 3126 419 3218 inquibus,
448 3126 717 3220 corruptissimis
746 3125 829 3210 etsi,
857 3125 955 3195 aiunt
978 3143 1055 3194 esse
1086 3141 1211 3194 veram

218 3245 413 3318 doctrinam
426 3259 461 3319 et
481 3249 599 3334 ritum,
612 3247 830 3340 judicantur,
849 3244 978 3316 nedum
992 3254 1064 3315 toto
1080 3241 1212 3337 populo

219 3369 311 3440 sicut
337 3371 521 3458 deberent,
551 3371 615 3444 sed
631 3380 667 3441 et
684 3371 818 3443 cunctis
835 3369 910 3442 aliis
927 3367 1143 3464 presbyteris
1161 3365 1213 3436 illi

218 3493 476 3586 sapientiores:
504 3516 583 3564 oum
606 3503 785 3566 tamense
809 3491 1109 3586 ignorantissimos
1132 3508 1209 3560 esse

220 3636 286 3688 neo
302 3625 459 3704 noscant,
478 3627 512 3687 et
531 3617 706 3710 sapientes
723 3615 845 3688 audire
865 3624 1045 3710 respuant.
