3172 5130
805 691 846 700 -
867 653 968 716 tot-

437 836 556 926 Neque
587 832 771 902 tacendum
802 831 859 901 hic
892 831 1011 923 judico
1036 852 1172 902 suorum
1201 828 1384 900 Rutheuo-

385 977 462 1028 rum
482 977 614 1026 morem
631 952 864 1023 benedicendi
882 973 948 1023 ova
963 973 1076 1044 eaque
1093 949 1329 1022 distribuendi
1346 949 1381 1018 in

386 1057 540 1148 Ecclesia
558 1099 621 1170 per
638 1077 888 1158 celebrantem,
910 1075 1008 1146 finita
1024 1075 1218 1145 matutinali
1241 1073 1382 1164 liturgia

388 1203 421 1272 in
453 1199 509 1270 die
543 1202 576 1270 S.
615 1200 776 1282 Pasclrae,
810 1201 960 1292 primum
994 1197 1378 1281 comministreutibus,

385 1323 512 1394 deiude
532 1323 657 1414 populo
674 1349 681 1390 :
699 1323 847 1392 salutato
877 1323 980 1412 juxta
1006 1343 1137 1392 morem
1158 1341 1378 1413 unoquoque,

385 1457 420 1516 ct
450 1447 603 1514 osculato
634 1465 652 1512 a
686 1441 899 1512 celebrante.
937 1444 996 1513 Cui
1029 1443 1190 1513 dicenti:
1225 1445 1382 1514 Christos

269 1599 271 1608 ,
385 1571 559 1637 wosclrres
574 1567 618 1657 tid
636 1579 702 1648 est,
719 1566 876 1636 Christus
904 1569 1110 1659 resurrexit)
1131 1570 1279 1661 quisque
1307 1589 1382 1638 res·

387 1691 516 1781 pendet
539 1711 546 1756 :
567 1710 620 1757 wo
645 1693 757 1758 istiuas
790 1691 966 1758 wosoltrcs
994 1690 1041 1781 (to
1059 1701 1123 1772 est,
1150 1712 1235 1760 vere
1258 1705 1381 1760 resur-

388 1814 502 1904 rexit).
524 1813 621 1881 Unde
640 1833 702 1904 per
722 1825 828 1880 totam
849 1813 1005 1882 festivam
1025 1812 1284 1883 hebdomadam
1304 1834 1380 1894 mos

387 1936 480 2004 idem
495 1935 688 2004 communis
706 1935 856 2004 civiliter
875 1934 1098 2026 producitur;
1117 1949 1153 2006 ut
1175 1938 1290 2028 quivis
1311 1955 1380 2006 ova

388 2059 528 2150 (ubique
551 2069 634 2128 tune
651 2059 801 2140 venalia,
824 2059 1113 2150 ornatissimaque
1129 2060 1217 2129 raris
1232 2059 1381 2152 depictis

387 2179 859 2272 hieroglyphicisldelerens‚
876 2182 1084 2272 imperantes
1097 2180 1202 2272 ipsos,
1220 2183 1247 2250 si
1258 2202 1381 2251 occur-

387 2317 477 2386 rant,
493 2307 597 2374 etiam
615 2305 773 2384 feminas,
791 2306 947 2397 plebejus
963 2306 1027 2376 elsi
1044 2304 1275 2391 deosculetur,
1294 2330 1382 2400 prae·

386 2436 526 2496 sectans
568 2448 672 2495 orum
720 2428 987 2518 supradictaque
1027 2428 1136 2521 verba
1183 2428 1379 2520 prolercnS,

386 2547 610 2638 vicissimque
632 2551 787 2617 osculum
809 2562 843 2618 et
860 2572 964 2620 ovum
988 2571 1065 2618 cum
1094 2570 1262 2642 responso
1286 2551 1382 2620 reci-

359 2659 360 2668 '
387 2673 468 2763 piat.
482 2671 522 2738 Et
538 2669 676 2738 haecest
691 2673 864 2760 generalis
879 2673 981 2763 hujus
995 2671 1376 2743 ltebdomadaeselus...

424 2807 501 2860 Echo
519 2805 567 2861 fid.
590 2810 663 2876 pert.
691 2805 737 2874 ll,
759 2825 787 2878 p.
816 2809 878 2863 126.

436 2935 509 3004 lam
536 2933 581 3002 ad
599 2934 781 3003 Trullauos
811 2957 976 3018 canones,
1011 2935 1139 3026 quibus
1168 2938 1382 3010 recentiores

388 3056 498 3126 Graeci
514 3056 590 3148 plus
616 3055 741 3140 fidunt,
762 3058 980 3128 accedamus.
1002 3060 1086 3143 Hos,
1108 3060 1244 3129 nomine
1259 3061 1384 3143 Quini-

387 3188 499 3246 sextae
509 3176 634 3270 synodi
646 3180 774 3270 passim
792 3180 928 3265 allatos,
946 3180 990 3250 ad
1008 3182 1119 3272 legem
1136 3203 1203 3252 non
1224 3181 1383 3252 sufficere

391 3301 572 3394 probatum
589 3313 639 3371 est
655 3325 761 3396 supra
780 3305 883 3394 (circa
897 3329 955 3398 qu.
980 3305 1166 3392 LXXXIV,
1185 3319 1272 3398 pert.
1293 3310 1328 3391 l,
1349 3307 1384 3376 iu

387 3448 505 3496 exam.
529 3428 736 3520 concilior).
756 3429 824 3500 Sed
843 3441 973 3514 lamen,
990 3431 1036 3501 ob
1049 3431 1123 3521 ejus
1137 3453 1214 3501 cau.
1235 3433 1302 3516 tv,
1322 3433 1383 3504 ubi

389 3546 433 3614 de
452 3567 543 3615 nouo
569 3545 683 3620 Graeci
710 3553 782 3620 ausi
800 3563 879 3622 sunt
905 3554 1000 3644 leges
1029 3554 1194 3624 Ecclesiae
1213 3555 1381 3626 Romauee

389 3669 631 3761 praescribere,
660 3671 877 3742 inserendum
904 3677 1024 3746 voloe
1051 3677 1179 3748 Graecis
1204 3678 1287 3771 ipsis
1313 3677 1382 3746 ho-

390 3790 535 3873 dieruiS,
560 3789 627 3860 imo
648 3793 828 3880 Rutheuis,
849 3797 940 3886 quod
961 3799 1031 3868 vim
1051 3799 1137 3890 legis
1156 3799 1211 3870 vel
1229 3821 1299 3870 uon
1319 3800 1381 3871 lra-

391 3915 526 3983 lrueriut
561 3916 616 3985 vel
650 3917 879 4010 perdiderint.
904 3921 991 3991 llicit
1008 3944 1118 3993 canon
1143 3951 1150 3996 :
1179 3925 1381 4010 «Quoniam

392 4038 626 4108 intelleximus
641 4040 674 4109 in
696 4041 926 4113 Romanorum
943 4046 1082 4118 civitate
1092 4049 1127 4118 in
1144 4049 1273 4120 sanctis
1288 4071 1381 4142 qua-
