3172 5130
763 604 950 667 -154-

357 785 490 856 Russiae
504 785 619 876 Magni
636 783 748 868 Ducis,
767 783 941 854 Michaelis
965 784 1211 868 Fedorovilcb‚
1227 791 1349 858 adali-

357 933 465 998 quam
479 910 730 984 cancellariam
747 911 862 977 uocati
876 909 1041 994 fuerunt,
1067 907 1130 979 sed
1152 929 1291 1003 semper
1304 910 1349 982 ad

358 1034 450 1103 illam
471 1031 525 1101 eui
541 1032 615 1124 ipse
632 1028 797 1124 praesidet
832 1028 971 1122 (Statut.
996 1031 1251 1125 Moscnv..·Cap.
1273 1033 1344 1116 ΧΙΙ,
1443 1045 1445 1048 ·

357 1155 426 1244 leg.
449 1154 511 1245 l).
521 1205 594 1222 .....
618 1153 723 1244 Legat
740 1151 879 1223 tandem
897 1152 1065 1244 quislibet
1082 1153 1205 1224 eadem
1219 1167 1346 1226 statuta

359 1275 582 1346 Muscnvitica
605 1275 699 1369 (Cap.
718 1275 785 1344 Xa
804 1297 898 1345 num.
923 1276 969 1344 30
983 1275 1030 1345 ad
1044 1277 1117 1367 88),
1142 1275 1198 1345 ubi
1219 1277 1348 1348 nedum

357 1397 457 1478 ictus,
475 1395 536 1466 sed
552 1410 586 1468 et
601 1397 798 1467 indecentia
815 1409 850 1467 et
864 1397 1029 1488 injuriosa
1058 1398 1164 1468 verba
1184 1397 1217 1466 in
1234 1399 1350 1468 ecele-

357 1520 524 1600 mastices,
546 1540 565 1587 a
587 1517 782 1611 patriarcba
799 1519 844 1589 ad
861 1518 1019 1590 infimum
1043 1519 1242 1602 diaconum,
1264 1540 1350 1612 pro-

357 1641 521 1710 hibentur
537 1641 601 1710 sub
620 1641 768 1712 diversis
782 1642 895 1733 poenis
925 1641 1097 1723 carceris„
1117 1642 1347 1732 flagellorum,

357 1765 498 1836 scuticae
529 1763 685 1855 (Knutet
708 1764 846 1856 batoge)
881 1777 915 1834 et
945 1765 1085 1836 mulctae
1122 1763 1347 1856 pecuniariae,

357 1887 546 1958 secundum
568 1907 792 1979 personarum
810 1887 1019 1958 offensarum
1035 1885 1221 1957 discrimen
1229 1943 1318 1958 ......

406 2011 444 2078 ln
462 2012 581 2080 Russia
596 2010 662 2105 (cui
682 2032 774 2080 nuuc
787 1997 926 2080 omnem
940 2009 1138 2080 felicitatem
1158 2009 1192 2078 in
1218 2013 1349 2082 unitate

355 2131 536 2204 nobiseum
554 2130 737 2224 desidero),
755 2154 817 2226 prn
831 2133 944 2203 causis
959 2131 1200 2203 criminalibus
1212 2135 1349 2223 J'udica·

356 2260 483 2349 bantur
501 2269 600 2329 antea
619 2259 737 2348 clerici
755 2280 775 2328 a
794 2259 903 2341 laicis,
931 2281 1010 2328 cum
1037 2259 1246 2351 patriarchae
1265 2282 1351 2331 con-

356 2406 482 2468 sensu;
515 2406 620 2469 nunc,
652 2405 714 2477 pro
745 2383 891 2468 eisdem,
919 2384 953 2454 in
972 2381 1183 2477 quibusdam
1211 2385 1350 2456 casibus

357 2507 569 2604 puniendis,
605 2528 744 2598 semper
781 2507 976 2590 consulitur,
998 2505 1166 2600 synodus.
1207 2507 1349 2600 Ubique

357 2633 407 2702 sal
426 2644 531 2702 terrae
549 2631 739 2710 evanescit,
771 2640 808 2699 ut
839 2620 1062 2700 conculcetur
1076 2629 1121 2698 ab
1151 2629 1351 2704 bominibus

357 2752 477 2846 (Math.
510 2749 552 2835 V,
596 2747 665 2842 13).
694 2751 796 2844 Apud
823 2751 1041 2822 lutheranus
1079 2749 1209 2820 nedum
1230 2733 1348 2823 vtntum

354 2873 517 2960 evanuit,
537 2874 598 2948 sed
613 2885 722 2947 totum
741 2872 890 2952 eiectum
908 2876 960 2938 est
985 2873 1102 2955 toras,
1126 2873 1297 2946 Criticent
1315 2875 1349 2946 bi

355 2997 530 3073 llutbenos
556 2987 932 3092 quantum'voluerinm
953 3009 1069 3067 manet
1087 2998 1121 3066 in
1142 2997 1196 3067 bis
1221 3017 1347 3068 verum

355 3121 601 3226 sacerdotium,
642 3121 842 3214 neutiquam
886 3117 1066 3222 despectui
1113 3120 1283 3192 habitum.
1323 3147 1338 3185 u

393 3271 470 3325 seno
483 3271 532 3327 ua.
552 3275 624 3357 par-t.
640 3269 676 3335 11,
691 3285 756 3340 pag.
775 3249 905 3322 meter.
