3148 5132
842 581 993 629 ..ῃ-

407 756 573 841 proponite,
583 757 622 823 ut
634 755 749 823 studiis
762 755 873 822 ietieet
885 755 1049 822 conatibus
1062 756 1283 824 ecclesiasticen
1293 755 1393 822 histo·

406 878 463 944 τίω
488 877 667 945 consulatur
696 897 757 946 non
785 878 890 944 minue
915 895 1008 962 quam
1032 877 1176 962 profcnae,
1206 896 1265 943 neo
1291 874 1394 942 eolum

407 999 610 1065 monumento
628 1015 725 1065 manu
744 999 872 1065 exemto
885 1016 902 1064 e
916 997 1045 1064 latebris
1058 997 1217 1079 eruantur,
1231 994 1394 1063 sedetiam

407 1122 558 1208 opusculo
580 1122 657 1190 olim
671 1121 756 1190 odito
776 1122 859 1208 typis
883 1123 999 1188 iterum
1024 1122 1220 1203 mandentes,
1245 1119 1320 1205 quia
1342 1117 1393 1185 vel

405 1239 523 1310 renone
547 1239 622 1308 eunt
645 1241 696 1309 vel
720 1241 821 1308 aliena
844 1242 954 1326 lingua
976 1241 1015 1308 ob
1036 1241 1190 1310 extraneis
1204 1240 1390 1325 conscripto,

405 1361 542 1446 adeoque
553 1361 587 1427 in
603 1361 802 1429 vernaculam
819 1360 975 1427 vertendo.
1358 1357 1361 1363 ’

446 1497 477 1562 3.
493 1494 569 1563 Jnm
590 1511 661 1560 vero
683 1492 827 1578 quisnam
853 1493 901 1560 eet
927 1493 961 1558 in
985 1491 1197 1560 ecclesiastica
1220 1492 1392 1559 Bessorum

404 1613 536 1682 historio
562 1611 637 1681 adeo
661 1611 855 1698 peregrinus,
865 1611 902 1676 ut
918 1609 1039 1677 nesciet
1051 1609 1224 1694 permultos
1244 1607 1393 1675 exsistere

400 1739 557 1806 uectatus
580 1729 619 1802 ad
644 1726 820 1805 ecelesiam
844 1753 951 1802 eorum
980 1737 1166 1822 spectantes,
1196 1733 1251 1820 qui
1277 1731 1393 1800 indeo

400 1851 599 1944 temporibus
612 1851 700 1923 Petri
710 1849 738 1934 1,
751 1849 785 1923 id
796 1858 884 1938 esta
901 1847 1015 1924 eaeculo
1028 1852 1122 1924 XVII
1137 1857 1278 1936 exeunte,
1294 1857 1393 1924 tomo

401 1972 478 2043 virts
504 1964 670 2042 catholicis
694 1993 789 2060 quem
816 1976 855 2042 ab
883 1969 1067 2045 acatholicis
1094 1975 1263 2062 conscripti
1298 1976 1390 2045 sint?

400 2089 468 2167 Hos
480 2093 562 2164 inter
572 2097 633 2164 non
651 2115 725 2164 sone
740 2091 933 2183 postremum
948 2077 1054 2166 locu‘m
1074 2101 1196 2167 obtinet
1207 2091 1391 2166 enarrate

398 2208 555 2286 historica
575 2219 612 2286 P.
635 2219 786 2286 Bemmdi
806 2220 986 2302 Ribenee,ex
1007 2211 1123 2288 Ordine
1136 2215 1389 2303 Praedicatorum

400 2331 565 2424 theologIae
580 2329 715 2404 doctoris
728 2337 822 2421 atque
850 2336 932 2422 apud
954 2323 1074 2404 Ducem
1102 2335 1140 2404 de
1155 2333 1385 2424 Linioffliepo·

399 2451 461 2524 nice
494 2453 529 2522 in
553 2446 744 2524 Moscoviom
761 2449 932 2540 legatum),
951 2455 1141 2524 missionorii
1167 2453 1332 2543 apostolici
1357 2461 1390 2525 et

401 2579 563 2664 capellani.
584 2579 642 2646 Est
679 2580 786 2645 cutem
809 2578 877 2646 haec
912 2577 1098 2648 Enooratic
1128 2576 1229 2648 veluti
1266 2572 1387 2647 Brevia·

399 2701 484 2767 rium
497 2699 663 2784 quoduam,
678 2716 835 2766 summam
849 2711 957 2766 cotum
970 2700 1179 2784 complectens
1189 2717 1258 2784 quae
1271 2699 1328 2767 ille
1338 2699 1389 2768 vel

400 2817 534 2902 propn'ie
558 2817 656 2884 oculie
674 2817 709 2884 in
727 2817 870 2886 Ecclesia
889 2817 1092 2886 Moecovitico
1113 2819 1311 2902 conspicatus
1326 2819 1385 2899 eet,

398 2931 479 3002 velt
491 2935 570 3002 viris
591 2932 740 3020 glutitus
758 2943 927 3020 rerumque
945 2937 1103 3003 saccutum
1117 2930 1320 3021 penitissimis
1334 2957 1405 3006 cc·.

400 3053 493 3140 cepit,
501 3047 783 3141 puttoecumuum
794 3065 848 3141 por
857 3058 921 3124 tres
932 3065 1027 3124 ennee
1035 3055 1174 3143 integros
1182 3055 1208 3144 (1
1216 3053 1388 3145 monuo)

397 3177 574 3243 moraretur
591 3173 738 3256 meone,
751 3175 1040 3260 nequenunsmcm
1060 3171 1173 3244 habuit
1188 3175 1389 3246 conversandi

398 3295 602 3364 occasionem.
634 3293 751 3362 tecum
774 3309 843 3380 quae
866 3295 900 3361 in
920 3291 1145 3364 Eccmotioce
1164 3297 1334 3364 traduntur·
1355 3300 1388 3364 in

397 3416 528 3483 modum
552 3413 735 3502 compendii,
760 3413 869 3484 eedem
892 3411 984 3502 longe
1008 3411 1119 3484 foetori
1135 3415 1255 3485 calamo
1267 3421 1387 3502 pertre-

398 3529 525 3601 ctantur
542 3535 575 3599 in
589 3535 701 3619 gnondi
711 3531 871 3603 volumine
881 3511 1031 3620 inscripto
1041 3531 1132 3602 neto
1143 3533 1231 3619 fidei,
1245 3535 1286 3603 cd
1296 3537 1387 3620 cnjm

395 3651 594 3724 cucumim
618 3651 775 3735 Narratio.
795 3658 837 3724 ed
858 3657 957 3725 instar
981 3656 1172 3742 appendicis,
1190 3655 1315 3744 ‘adjecto
1328 3661 1386 3742 cst,

395 3771 430 3840 et
450 3774 491 3842 ed
503 3781 599 3860 quem
613 3775 682 3842 ideo
695 3775 825 3844 lectores
838 3787 1050 3863 sepenumero
1064 3777 1281 3845 remittuntnn

435 3922 467 3988 4.
476 3915 669 4006 Porroquod
689 3911 826 3992 auctoris
844 3917 942 3992 noctu*
967 3917 1187 3992 auctoritatem
1210 3924 1305 4009 auget
1328 3943 1384 3992 nec
