3124 5126
762 597 949 666 -ltt-

407 777 605 852 llethodius
622 777 931 871 ueroexpetiturn
952 777 1080 848 Kooelo
1099 777 1132 846 in
1145 775 1348 869 episcopum

360 912 397 972 et
413 901 558 972 mittitur
578 900 622 972 ad
637 901 759 972 Slavos
783 900 963 970 universos
986 900 1054 991 (Μ).
1077 901 1151 983 Qua
1165 899 1348 969 occasione

285 1009 289 1016 ’
360 1024 542 1118 epistolam
566 1023 612 1094 ad
629 1022 834 1094 llostislaum
849 1021 1064 1094 er‘Kocetum
1083 1020 1179 1092 dedit
1194 1020 1348 1092 Hadria-

360 1169 439 1232 nus,
459 1149 564 1218 latine
590 1146 649 1218 his
665 1147 739 1218 lere
752 1147 870 1218 verbis
883 1156 1099 1216 constantem
1121 1172 1129 1215 :
1159 1145 1347 1216 uHadria-

361 1263 439 1355 nus,
467 1271 651 1364 episcopus
667 1279 702 1340 et
719 1291 841 1342 servus
865 1269 938 1351 Dei,
965 1267 1132 1338 Rostisloo
1149 1278 1184 1337 et
1201 1267 1343 1340 Kocelo.

359 1391 474 1464 Gloria
502 1393 535 1461 in
557 1393 708 1462 excelsis
727 1392 797 1462 Deo
822 1402 856 1460 et
874 1391 906 1458 in
934 1399 1028 1459 terra
1055 1411 1124 1482 pax
1151 1388 1348 1461 hominibus

359 1511 462 1588 bonae
490 1514 696 1585 voluntatis!
726 1512 1025 1596 Quemadmodum
1044 1511 1089 1582 de
1116 1512 1216 1582 vobis
1238 1513 1368 1605 spiri·x

235 1643 237 1648 '
358 1635 467 1706 toalin
497 1633 707 1717 audivimus,
737 1655 819 1725 ques
849 1633 1053 1704 sitiebamus
1074 1654 1152 1704 cum
1168 1633 1348 1706 desiderio

359 1765 395 1832 et
421 1752 588 1848 premhos
621 1766 763 1847 propter
794 1768 945 1826 vestram
980 1755 1145 1838 salutem,
1182 1754 1347 1844 quoniam

360 1877 526 1949 excitauit
559 1877 724 1949 Dominus
757 1878 864 1948 cordo
900 1887 1015 1948 vestra
1045 1875 1090 1946 ad
1117 1874 1358 1968 quaerendum,

360 2023 453 2086 eum,
471 2012 507 2072 et
526 2001 678 2072 ostendit
709 2001 822 2084 vobis,
850 1999 945 2094 quod
961 2021 1029 2070 non
1049 2001 1160 2070 solnm
1180 1999 1261 2085 lide,
1279 2023 1347 2070 ve-

359 2145 436 2196 rum
458 2123 563 2193 etiarn
582 2121 682 2194 bonis
704 2121 869 2216 operibus
885 2133 1042 2214 oporteat
1066 2123 1135 2192 Dco
1153 2123 1342 2210 inservire;

314 2261 317 2270 ’
361 2247 448 2320 fides
462 2246 555 2316 enim
570 2245 646 2316 sine
663 2246 828 2339 operibus
846 2256 1051 2316 mortuaest
1069 2256 1104 2314 et
1122 2246 1287 2316 falluntur
1306 2247 1343 2328 ii,

359 2371 471 2468 quise
488 2371 596 2438 Deum
612 2389 823 2459 cognoscere
840 2369 1067 2452 arbitrantur,
1082 2369 1247 2462 operibus
1261 2393 1347 2444 vero

358 2495 460 2570 abeo
474 2492 681 2566 desciscunt.
701 2493 776 2564 Non
790 2493 883 2562 onim
901 2490 992 2584 apud
1008 2491 1101 2562 hunc
1114 2493 1346 2587 episcopalem

360 2620 522 2692 thronum
537 2613 777 2686 tantummodo
795 2614 940 2707 rogastis
954 2613 1145 2698 doctorem,
1165 2617 1345 2692 sedetiam

360 2741 405 2814 ab
423 2735 620 2810 orthodoxo
645 2735 854 2828 imperatore
869 2734 1056 2820 Michaele;
1077 2755 1183 2830 aquo
1201 2749 1235 2807 et
1256 2741 1345 2812 mis-

358 2885 419 2936 sos
440 2871 494 2932 est
516 2856 614 2929 vobis
630 2858 753 2930 beatus
770 2857 995 2950 philosophos
1009 2856 1251 2932 Constantinus
1266 2883 1346 2936 cnm

360 2991 467 3060 traua
496 3002 573 3066 suo,
604 3002 682 3050 com
712 2979 975 3052 nohisoccasio
999 2980 1147 3054 deesset.
1176 2985 1240 3068 Illi,
1261 3009 1347 3060 vero

347 3104 493 3202 ¹juribus
508 3102 603 3174 sedis
619 3103 820 3196 apostolicae
843 3103 877 3172 in
901 3115 1034 3192 vestras
1051 3115 1167 3196 partes
1181 3108 1344 3198 cognitis,

359 3236 480 3302 contra
494 3244 645 3296 canones
659 3223 742 3314 nihil
758 3225 928 3309 lecerunt,
944 3226 1007 3296 sed
1019 3225 1067 3296 ad
1077 3247 1141 3298 nos
1156 3243 1342 3317 venerunt,

358 3351 394 3424 S.
413 3347 601 3420 Clementis
617 3347 784 3441 reliquias
800 3370 917 3421 secum
934 3350 1097 3421 ferentes.
1113 3353 1182 3426 Nos
1201 3355 1345 3446 quidem

359 3471 487 3566 triplici
524 3467 653 3560 gaudio
675 3470 797 3564 repleti
825 3473 1019 3556 statuimus,
1045 3495 1082 3546 re
1108 3476 1342 3565 considerata,

358 3592 575 3669 Methodium
592 3589 701 3664 filium
733 3602 890 3666 nostrum
916 3595 950 3664 in
970 3607 1233 3689 partesvestras
1259 3603 1346 3674 mit·

359 3724 449 3800 tere,
478 3725 658 3808 postquam
681 3734 764 3786 eum
788 3737 866 3787 cum
891 3716 1072 3811 discipulis
1089 3720 1344 3809 ordinavimus,

358 3836 473 3914 virum
500 3837 689 3931 perlectum
718 3838 894 3911 intellectu
911 3851 948 3910 et
963 3839 1211 3930 orthodoxum,
1228 3855 1265 3916 ot
1283 3866 1347 3920 vos

359 3956 535 4042 edoceret,
564 3970 666 4052 prout
694 3961 857 4053 rogastis,
890 3963 997 4036 libros
1023 3967 1056 4034 ln
1084 3978 1200 4037 vestra
1227 3967 1351 4065 lingua.
