3124 5126
779 626 901 692 -128
922 661 962 674 ·-

384 829 470 901 ergo
485 817 539 879 est
564 819 667 878 extra
686 807 903 878 Ecclesiam»
924 801 1186 874 obmutescenti
1203 817 1280 898 post
1297 807 1377 881 haec

384 931 576 1005 sericintra
589 929 713 1001 horam
727 931 886 1020 cogitata,
904 925 1071 998 subintuli
1089 953 1095 995 :
1124 951 1139 992 u
1157 927 1249 1018 Ergo
1264 931 1377 1023 potius

379 1054 504 1127 'similis
547 1052 727 1145 theologus
765 1061 919 1121 meretur
953 1048 1033 1138 ejici
1063 1059 1165 1120 extra
1203 1049 1370 1124 scholam.

382 1176 522 1268 linquis,
538 1177 694 1266 apposui,
712 1174 767 1242 vir
786 1173 889 1256 bone,
908 1169 1002 1242 dicet
1020 1181 1054 1242 te
1075 1170 1259 1242 docturum
1279 1174 1376 1248 theo·

384 1297 524 1390 logiam,
539 1298 686 1368 audiens
705 1308 738 1365 te
757 1296 975 1386 ignorantem
993 1302 1090 1366 tuum
1108 1293 1372 1383 catechismum

383 1417 445 1511 qui
459 1417 650 1489 Ecclesiam
673 1419 707 1486 in
728 1415 954 1510 particulares
978 1413 1193 1484 distribuens
1207 1419 1375 1509 exprimit

384 1541 572 1612 Romanam
587 1543 739 1634 lPapam
761 1551 862 1611 entia
885 1538 1073 1610 Ecclesiam
1089 1537 1282 1626 declarare,
1304 1543 1376 1614 ad-

379 1662 493 1754 junxi,
513 1685 577 1733 nec
594 1675 631 1733 tn
658 1675 769 1756 potes,
789 1683 854 1732 nec
870 1673 962 1732 totus
984 1662 1049 1731 iste
1068 1681 1289 1752 congressus,
1309 1686 1376 1736 nec

383 1788 599 1873 tolallussia‚
615 1800 764 1858 necleta
779 1785 925 1870 Graecia,
947 1785 1169 1877 neclmodoa
1187 1798 1221 1857 te
1240 1788 1370 1860 incom-

384 1908 620 2004 prehensibili)
638 1922 709 1982 tota
729 1910 880 1980 Ecclesia
901 1963 909 1990 ‚
929 1929 1008 2001 quae
1023 1909 1100 1978 siue
1119 1929 1206 2003 papa
1223 1915 1385 2005 perlecta

384 2045 531 2116 nonest,
547 2033 610 2104 sed
631 2053 756 2125 corpus
780 2031 998 2124 acephalum,
1026 2051 1095 2102 non
1118 2033 1168 2102 sic
1197 2057 1217 2105 a
1236 2034 1375 2110 Ohristo

384 2157 590 2228 institutum.
609 2157 679 2226 Nec
693 2157 785 2226 enim
804 2156 838 2224 in
855 2175 937 2224 casu
947 2167 1040 2224 uotae
1054 2153 1198 2229 haeresis
1204 2160 1375 2250 judicium

384 2279 534 2349 ferretur
551 2280 586 2347 iu
602 2299 738 2372 papam,
752 2277 813 2350 sed
831 2279 865 2347 in
878 2299 959 2348 eum
978 2277 1036 2369 qui
1052 2299 1072 2347 a
1086 2293 1212 2373 papatu
1230 2284 1373 2358 decide-

273 2406 276 2411 ’
385 2400 429 2471 rit
444 2411 560 2486 antea,
582 2399 628 2471 ob
653 2399 825 2494 publicam
846 2399 1009 2470 haeresim
1027 2426 1034 2484 ;
1054 2400 1100 2472 ita
1120 2413 1156 2472 ut
1184 2426 1373 2500 numquam

387 2521 422 2592 iu
450 2541 573 2618 papam
603 2524 732 2592 feratur
759 2523 947 2596 humanum
963 2521 1150 2612 judicium,
1169 2527 1229 2596 sed
1244 2527 1278 2596 iu
1293 2549 1374 2600 eum

384 2646 444 2741 q'ui
464 2642 674 2717 sensibiliter
693 2646 881 2716 haereticus
897 2647 1018 2729 iactus,
1031 2645 1182 2738 indeque
1201 2651 1378 2724 sensibili-

384 2780 439 2840 ter
457 2768 603 2861 mystice
621 2778 790 2854 mortuus,
810 2768 926 2860 seipso
943 2765 1144 2860 adiguitate
1162 2757 1283 2866 capitis
1298 2796 1376 2847 cor·

385 2891 481 2984 poris
493 2887 645 2960 visibilis
661 2889 735 2961 vivi
745 2889 817 2980 jam
833 2887 966 2961 decidit
983 2912 1018 2958 n.

435 3012 495 3082 llis
512 3027 582 3082 nou
600 3011 736 3084 modice
753 3030 936 3096 accensum
958 3011 1093 3083 cunctis
1110 3022 1226 3086 tamen
1246 3028 1282 3087 nt
1298 3016 1377 3090 fini-

387 3147 484 3207 retur
499 3138 678 3209 contentio
695 3135 907 3232 petentibus,
924 3134 1097 3229 acquievi.
1116 3166 1136 3203 s

420 3271 583 3357 dictaeo
605 3289 679 3360 part.
689 3285 711 3344 1.
726 3301 792 3358 pag.
808 3283 863 3341 523
876 3289 906 3340 n
918 3303 977 3359 sq.

665 3631 888 3704 nucuunix
914 3590 964 3704 ui
978 3631 1035 3726 (au
1053 3641 1138 3729 pagg
1155 3633 1226 3727 no).

446 3853 589 3926 illitum
603 3861 732 3922 vocauns¹
742 3854 937 3922 Orientale
952 3852 1282 3939 consessicionmam
1293 3870 1379 3922 cru-

388 3976 438 4048 cis
456 3973 626 4048 laciendae
642 3993 747 4068 quam
760 3973 957 4048 charistianis
973 3975 1181 4067 praescribit,
1198 3996 1260 4070 pro
1272 3973 1378 4048 Grae-¹·
