3124 5126
732 655 914 718 -130-

324 857 393 930 que
426 837 590 906 momenti
610 833 692 926 haec,
711 844 863 921 notetur,
883 858 953 907 non
986 837 1113 918 cultus,
1134 836 1196 908 sed
1227 826 1313 910 ritus

324 961 521 1054 disparitas,
543 970 579 1029 ut
597 961 735 1052 (caetera
754 960 856 1052 inter)
876 959 967 1030 istud
989 959 1164 1050 judicetur
1181 961 1312 1054 princi·

325 1083 420 1175 pium
436 1081 577 1154 haeresis
591 1094 764 1174 caputque
791 1081 953 1152 dissidii?
969 1084 1038 1151 Nec
1059 1083 1151 1152 enim
1171 1095 1313 1175 apparet

326 1203 372 1274 ob
390 1203 466 1274 haec
484 1203 659 1272 sufficiens
675 1203 858 1288 motivum,
876 1213 912 1272 ut
931 1204 966 1272 in
984 1201 1120 1296 synodo
1146 1205 1313 1292 nationali

324 1329 487 1408 Moscuae,
506 1327 569 1396 sub
593 1327 790 1420 patriarcha
808 1327 955 1408 Nicone,
977 1327 1084 1394 Tzare
1101 1325 1226 1395 Alexio
1243 1325 1312 1395 Mi·

325 1447 677 1531 chailovvitch,aniro
717 1447 838 1516 mundi
884 1442 994 1531 7152,
1040 1445 1165 1516 Christi
1202 1445 1311 1531 tuot,

324 1571 477 1641 damnati
497 1571 623 1638 luerint
647 1569 742 1639 velut
758 1571 918 1639 exitiales
936 1567 1111 1646 haeretici;
1136 1569 1191 1638 isti
1225 1589 1313 1662 quo-

323 1715 391 1787 que
406 1693 440 1761 in
455 1713 517 1762 sno
534 1713 653 1762 errore
670 1693 715 1761 ita
727 1692 1070 1762 contumacesadhuc
1082 1704 1311 1784 perseverent,

324 1829 360 1888 ut
376 1828 451 1910 post
469 1817 582 1908 plures
598 1815 668 1904 igni
683 1813 828 1884 traditos
844 1815 1038 1897 inextincti,
1057 1817 1191 1907 reliquo
1205 1835 1311 1908 popu--

325 1940 430 2009 loeus
447 1937 592 2020 vitante,
608 1939 706 2028 quasi
734 1937 887 2008 inlamiae
916 1939 1015 2030 signo
1042 1937 1243 2019 notescendi
1260 1935 1314 2028 (si-

328 2071 386 2160 cut
412 2063 531 2130 Rcmae
554 2059 691 2152 ludaei),
712 2081 826 2152 panno
851 2082 955 2152 snpra
979 2059 1121 2129 dorsum
1143 2059 1313 2154 supervi·
1375 2038 1379 2044 ¹

328 2182 445 2254 dendo
457 2183 575 2261 rubro,
589 2183 754 2252 incedere
769 2183 939 2275 permissi,
960 2203 1135 2273 nunquam
1148 2185 1313 2254 Ecclesiae

220 2377 222 2383 ,
327 2289 723 2398 αοᾳυίενθνίηῑ.ῬΙυι·εε
753 2305 858 2396 igitur
879 2305 963 2374 ritus
985 2325 1025 2374 ac
1051 2305 1187 2374 colendi
1206 2308 1313 2378 Deum

328 2427 448 2496 modos
467 2425 619 2497 diversos
636 2451 714 2498 cum
741 2427 934 2510 viduamne,
957 2429 1015 2518 qui
1031 2449 1094 2496 nec
1122 2429 1157 2496 in
1176 2427 1315 2500 Graecos

328 2569 348 2617 a
377 2549 517 2631 Latinis,
539 2571 602 2618 nec
633 2551 772 2634 inistos
790 2525 938 2620 invicem
962 2549 1104 2620 haeresis
1132 2563 1313 2639 notantur;

329 2676 399 2744 imo
417 2695 554 2742 crucem
583 2672 818 2744 diversimodo
836 2677 1017 2744 formatam
1036 2673 1144 2744 Latini
1159 2655 1317 2749 etGraeci
1363 2705 1364 2709 ¹

334 2806 455 2865 mutuo
481 2795 731 2865 collaudamus:
751 2798 915 2888 quidnam
943 2799 976 2865 in
998 2797 1205 2868 Baskolnicis
1236 2799 1310 2868 istis
1406 2821 1408 2824 ’

330 2918 466 3010 praelati
496 2917 633 2986 rutheni
664 2917 900 2989 damnandum
928 2931 996 2989 tam
1016 2921 1106 2990 serio
1132 2919 1310 3005 duxerint,

273 3049 275 3052 ’
326 3039 475 3131 quaesivi
490 3065 498 3106 :
513 3062 581 3133 quo
595 3019 655 3111 eos
672 3041 855 3113 haereticos
872 3064 961 3127 esso,
980 3064 1059 3112 cnm
1087 3043 1170 3136 ipsis
1199 3044 1310 3114 santi-

330 3185 417 3232 rem.

384 3313 399 3351 u
417 3289 631 3379 Responsum
646 3301 775 3373 autem,
788 3288 878 3380 quod
894 3287 1104 3372 transcribo,
1116 3289 1160 3358 ab
1176 3291 1313 3363 erudito

327 3409 597 3482 archimandrita
617 3433 721 3504 supra
751 3413 940 3496 nominato,
973 3411 1161 3504 Theophilo
1180 3414 1311 3503 Krolilr,

328 3531 431 3603 habui
448 3557 595 3626 sequens
614 3564 620 3606 :
639 3563 653 3601 a
680 3539 765 3605 Dum
775 3537 926 3606 Ecclesia
942 3537 975 3604 in
992 3522 1170 3608 Catachesi
1184 3553 1310 3632 quaest.

331 3659 391 3743 lt,
410 3673 480 3720 nou
493 3655 635 3742 deputa,
653 3657 712 3728 sed
729 3659 1004 3750 antiquissimum
1023 3673 1065 3754 et
1085 3661 1119 3728 in
1154 3665 1315 3737 omnibns

328 3779 555 3876 orientalibus
570 3769 726 3882 ecclesiis
752 3783 916 3850 usitatum
946 3781 1086 3851 modum
1124 3783 1315 3858 formandae

328 3902 452 3994 crucis
471 3904 645 3995 proponit,
667 3903 814 3974 intendit
844 3903 879 3972 iu
897 3905 1000 3974 modo
1018 3906 1077 3976 illo
1104 3909 1314 3982 ‘uniformem

330 4023 494 4092 unitatem
528 4021 682 4096 fidelium
717 4029 952 4116 subjectorum
976 4028 1056 4122 (uon
1087 4027 1311 4125 Latinorum).
