3124 5126
584 603 751 670 —93-

165 771 383 854 lavorslrius
405 782 621 842 mortuorum
640 773 919 864 adjuvandorum
939 779 1067 850 nostris
1084 799 1163 872 pre-

166 897 283 981 cibus,
303 893 363 985 qui
380 890 426 962 ob
445 903 588 984 peccata
606 895 668 963 Dei
684 895 817 968 visione
836 922 904 971 non
924 903 1022 972 fuere
1048 899 1160 992 digni,

166 1021 243 1092 sive
262 1027 403 1099 statum,
421 1017 496 1084 sive
509 998 637 1100 locum,
655 1017 730 1087 sive
747 1040 918 1093 exercens
945 1042 1066 1093 eorum
1085 1030 1163 1091 tor-

168 1153 341 1224 mentum,
361 1139 434 1208 sive
455 1135 492 1206 id
508 1137 605 1228 cujus
619 1160 747 1210 nomen
762 1141 876 1214 Graeci
892 1145 983 1214 inter
998 1166 1035 1215 se
1053 1167 1162 1215 unum

164 1288 235 1338 non
250 1262 402 1342 habent,¹
415 1261 555 1330 vocavit
573 1258 771 1332 mistorslruo
787 1264 813 1356 (l
824 1265 847 1352 l,
866 1267 971 1336 latine
991 1265 1160 1351 telonium,

164 1390 200 1461 id
218 1399 283 1471 est,
305 1388 376 1456 Deo
395 1383 574 1454 reddenda
592 1385 717 1455 solutio
733 1400 815 1456 ante
833 1389 1032 1480 ingressum
1051 1391 1087 1458 in
1106 1411 1161 1460 re·

165 1535 273 1604 gnum
292 1509 473 1580 coelorum.
497 1507 570 1576 Nec
588 1505 684 1590 inde,
707 1518 745 1576 ut
763 1512 1003 1600 purgatorium
1024 1513 1161 1581 latean-

165 1646 235 1720 tur,
257 1634 378 1704 valent
399 1629 583 1700 convinci:
608 1629 736 1698 illaturi
755 1634 920 1725 exemplo
939 1635 1111 1710 mercium
1128 1634 1164 1702 in

166 1757 297 1828 telonio
314 1776 389 1824 esse
404 1751 574 1846 quasdam
589 1754 724 1822 animas
741 1727 960 1844 ingressuras
975 1769 1085 1840 certe,
1103 1777 1165 1828 so-

166 1881 240 1951 luto
250 1879 369 1950 debito
383 1877 457 1946 sive
473 1897 595 1968 perse,
607 1876 682 1944 sive
695 1897 756 1968 per
771 1878 874 1960 ali0s;
890 1880 1060 1971 quasdam
1079 1869 1165 1949 vero

167 2002 214 2072 ita
233 2025 253 2072 a
281 2021 391 2093 regno
408 1997 634 2091 proscriptas,
654 2010 692 2067 ut
709 1999 805 2069 nullo
823 2001 924 2070 titulo
943 2022 985 2072 eo
1000 2000 1166 2071 introdu-

168 2125 299 2197 cendas
330 2122 508 2216 permittat
530 2121 706 2214 princeps,
734 2145 820 2214 quas
841 2125 940 2194 novit
959 2126 1060 2218 plene
1088 2145 1164 2194 cor·

169 2261 302 2343 ruptas,
332 2245 497 2328 nulloque
519 2243 650 2327 medio,
674 2245 735 2312 ubi
763 2266 832 2314 non
862 2259 915 2316 est
946 2248 1165 2340 poenitenliae

169 2371 280 2452 locus,
305 2365 351 2436 ad
378 2365 618 2456 integritatem
644 2365 888 2436 restituendas.

218 2499 408 2586 Hucusque
422 2513 521 2561 error
539 2502 591 2560 est
609 2492 832 2562 continuatus
847 2494 922 2586 plns
938 2515 957 2564 a
972 2495 1166 2586 pertinacia

170 2616 360 2710 respuendi
371 2615 534 2698 nominis,
546 2635 651 2706 quam
669 2612 929 2685 adelectufidei
948 2615 1101 2686 luminis:
1115 2637 1167 2686 ra·

173 2768 234 2816 rus
247 2747 342 2815 enim
356 2744 540 2813 autnullus
553 2753 619 2825 est,
632 2725 826 2834 quiludam
839 2757 970 2815 asserat
982 2766 1083 2838 posse
1100 2747 1167 2815 sal-

173 2869 247 2940 vari
265 2869 454 2958 suffragiis:
472 2867 566 2937 unde
585 2869 787 2958 generalem
806 2871 969 2938 omnibus
995 2871 1169 2942 defunctis

176 2991 405 3084 adquirendae
429 2990 643 3086 remissionis
660 2992 887 3080 capacitatem
906 2994 1017 3062 verbo
1034 2994 1100 3063 etsi
1115 2993 1173 3063 di-.

174 3121 390 3197 cant,tamen
409 3133 474 3182 nec
492 3121 646 3197 tuentur,
667 3132 732 3180 neo
750 3112 910 3184 credunt.
933 3117 1038 3184 Orant
1053 3117 1170 3208 itaque

174 3237 326 3308 Rulheni
341 3236 580 3306 indifferenter
595 3257 657 3328 pro
673 3237 817 3304 mortuis
830 3237 865 3304 ln
886 3241 1062 3309 communi
1080 3252 1115 3310 el-
1133 3243 1168 3312 in

173 3358 581 3450 particulari‚oll'erenles
594 3359 665 3428 Deo
678 3359 967 3448 sacralllissarum
983 3363 1166 3449 sacrificia,

175 3502 309 3574 preceS,
326 3482 580 3574 eleemosynae,
601 3492 797 3575 cunctaque
827 3484 966 3576 pietatis
983 3488 1167 3572 exercitia,

174 3603 381 3698 applicanda
395 3603 475 3682 fidel
483 3605 560 3675 ibus
577 3605 752 3676 defunctis
768 3629 829 3698 per
842 3607 984 3676 modurn
999 3607 1166 3702 suffragii.

174 3731 329 3820 Cumque
346 3749 482 3818 graecos
498 3730 598 3812 ritus,
620 3751 708 3820 quos
725 3729 902 3822 primitiva
920 3729 1073 3801 Ecclesia
1097 3734 1172 3826 pios

176 3854 271 3938 lecit,
309 3853 502 3922 Novatores
536 3852 628 3922 male
659 3854 790 3938 ferant,
820 3852 1075 3945 superstitionis
1107 3879 1192 3931 nec,

214 4086 256 4161 (l)
272 4089 365 4159 Lege:
385 4092 548 4162 mylarstro.
