3124 5126
797 621 984 685 -136-

400 801 461 869 mit
475 800 684 872 notionalem
702 801 887 872 voluntatis
897 799 1061 893 spirantis
1072 807 1202 880 actum,
1217 818 1236 866 a
1252 795 1393 868 duobus

399 924 459 1017 qni
475 923 687 1015 inspirando
705 946 813 996 unum
830 936 910 996 sunt
925 925 1024 1015 (sicut
1035 935 1105 993 tres
1127 941 1286 1014 personae
1302 943 1392 994 unus

396 1045 555 1136 creator),
594 1045 910 1136 procedentemque
929 1046 1098 1140 Spiritum
1136 1055 1294 1114 sanctum
1327 1065 1390 1136 per

400 1171 514 1252 iiium;
535 1171 757 1262 explicatque
773 1173 834 1256 sic,
854 1174 947 1242 Patri
962 1183 996 1242 et
1015 1171 1098 1242 Filio
1115 1170 1250 1238 unicam
1272 1168 1392 1260 spira-

401 1282 529 1364 tionem
550 1314 784 1364 communem.

437 1499 501 1548 Eeho
511 1499 557 1559 fid.
569 1505 634 1564 part.
649 1497 660 1546 1
677 1512 702 1562 p.
714 1495 763 1546 335
775 1504 800 1546 et
812 1511 867 1561 seq.

788 1781 970 1790 -uu-—n-

615 2021 838 2092 APPENDIX
863 2023 909 2092 IV
934 2021 989 2114 (ad
1019 2043 1096 2114 pag.
1121 2022 1190 2112 33).

446 2279 459 2305 ‹
477 2249 658 2333 Confessio
675 2247 881 2314 Orthodooco
909 2247 996 2329 fidei
1010 2246 1191 2312 catholicae
1204 2253 1238 2312 et
1255 2253 1394 2332 aposto·

404 2377 481 2442 tteae
492 2375 675 2450 Ecclesiae,
695 2363 765 2462 cui
793 2353 926 2453 aequius
957 2361 1156 2431 catechismi
1186 2361 1396 2433 christiano-

404 2511 480 2558 rum
498 2488 531 2556 in
548 2488 687 2562 Oriente
702 2486 820 2554 titulus
839 2482 1091 2577 praefigeretur,
1110 2485 1395 2576 interrogationiss

403 2609 467 2680 bus
479 2608 651 2700 siquidem
666 2617 700 2676 et
715 2607 903 2698 responsis,
920 2626 984 2675 ceu
1007 2604 1166 2697 discipuli
1184 2617 1218 2675 et
1235 2607 1395 2698 magistri

399 2735 496 2802 'hunc
513 2731 703 2801 erudientis
717 2729 921 2822 composita,
937 2737 1008 2797 tum
1024 2729 1298 2820 graeco-latinis,
1321 2742 1394 2801 tum

403 2853 672 2926 slavo-ruthenis
694 2851 786 2946 typis
808 2861 951 2920 exarata
972 2850 1189 2942 producitur:
1212 2852 1287 2922 istis
1305 2853 1396 2924 hios-

404 2999 480 3049 cuae
497 2998 566 3046 non
581 2977 702 3060 semei,
716 2975 784 3043 illis
800 2973 938 3043 tandem
961 2973 1063 3063 juxta
1076 2974 1312 3044 authenticum
1326 2985 1397 3047 eta

407 3101 534 3193 graecis
550 3097 755 3191 patriarchis
772 3095 1006 3188 subscriptum
1038 3097 1221 3189 exemplar
1245 3097 1280 3166 in
1297 3100 1398 3192 regia

403 3223 677 3292 christianissimi
717 3221 929 3291 bibliotheca
972 3229 1166 3304 servatum,
1204 3220 1396 3314 interprete

406 3345 591 3414 Laurentio
622 3345 807 3428 Norman0‚
831 3339 955 3435 Lipsiae
970 3358 1032 3434 per
1061 3341 1227 3412 Thomam
1247 3343 1394 3430 Fritsch,

403 3488 495 3536 anno
527 3468 634 3536 4695.
668 3505 715 3518 -
737 3465 839 3535 Liber
870 3475 922 3534 est
949 3465 1005 3535 cui
1037 3465 1148 3536 Graeci
1177 3475 1211 3536 et
1230 3467 1393 3550 Rutheni,

405 3593 634 3661 Romanorum
654 3587 759 3658 fidem
785 3589 878 3659 haud
905 3585 1119 3681 profitentes,
1141 3590 1240 3682 quasi
1266 3592 1393 3662 ortho-

403 3713 509 3784 doxae
543 3712 675 3804 reguhe
717 3711 911 3782 adhaerent.
957 3713 1056 3781 Hunc
1088 3732 1107 3780 a
1141 3693 1398 3806 sapientissimo

406 3836 506 3905 Petro
519 3834 647 3926 Mogila
666 3837 910 3928 compositum,
927 3855 947 3904 a
961 3833 1100 3905 Meletio
1115 3835 1240 3928 Syrigo
1254 3838 1396 3929 perfec-

406 3975 492 4048 tum,
512 3980 531 4028 a
551 3959 709 4054 pluribus
727 3961 928 4031 Graecorum
946 3957 1089 4054 synodis
1116 3961 1358 4054 approbatum,
1379 3983 1400 4032 a
