3124 5126
619 645 785 706 ...99-

202 815 331 887 devote
363 816 445 886 illuc
467 817 754 909 peregrinaturos
779 795 1031 913 pedestresque
1056 822 1101 893 ab
1130 846 1200 896 uno

201 938 342 1008 milliari
356 939 413 1032 pie
429 938 628 1008 visitaturos
644 939 747 1024 locat,
774 949 903 1010 etcum
923 949 995 1010 tota
1013 940 1117 1028 Aula,
1135 967 1200 1016 nec

203 1061 271 1154 ipsi
290 1060 477 1154 lmperanti
493 1060 663 1153 permisso
677 1061 767 1130 intra
778 1064 1025 1152 monasterium
1039 1087 1101 1136 esu
1119 1089 1200 1138 car-

200 1185 313 1269 nium,
330 1184 403 1254 alit.
422 1183 459 1252 ln
476 1177 601 1253 eodem
623 1183 749 1252 Tzares
764 1205 833 1253 non
851 1186 959 1254 semel
974 1186 1115 1260 delendi
1133 1212 1200 1284 po-

202 1316 345 1378 tuerunt
362 1327 383 1376 a
400 1304 575 1376 seditiosis
593 1303 800 1375 tumultibus
818 1332 825 1374 :
842 1308 1015 1380 munitum
1030 1322 1080 1381 est
1095 1313 1200 1406 siqui·

207 1425 288 1496 dem
316 1427 421 1512 vallo,
456 1447 571 1512 muro,
605 1426 738 1497 bellicis
771 1429 953 1498 tormentis
986 1451 1026 1500 ac
1053 1433 1194 1506 militati

200 1549 372 1621 custodia.
396 1549 552 1620 Plurium
570 1548 770 1620 milliarium
785 1551 878 1620 circa
895 1550 981 1620 illud
994 1552 1199 1626 archiman-

201 1671 292 1744 drita
305 1672 397 1764 gerit
409 1671 626 1744 dominatum
640 1699 648 1756 ;
668 1669 823 1764 urbsque
837 1674 931 1743 circa
947 1677 1197 1750 monasterium
1259 1660 1261 1663 V

201 1796 375 1869 aedificata
399 1796 605 1878 continebit,
626 1815 704 1866 meo
721 1807 900 1888 computu,
922 1796 1088 1869 domuum
1109 1803 1199 1876 ultra

199 1923 268 1994 tria
285 1921 406 2006 millia,
426 1920 562 1992 civilius
575 1929 853 1990 constructarum
868 1940 974 2011 quam
990 1923 1120 2014 pluribi
1132 1949 1199 1998 ex-

200 2044 299 2114 bibet
313 2043 446 2116 Russia.
469 2043 536 2113 Vix
554 2041 735 2134 explicare
757 2041 892 2112 valeam
917 2043 1055 2113 ciuilem
1072 2045 1196 2140 hospi-

201 2168 385 2252 talitatem,
398 2187 505 2258 quam
519 2164 602 2234 illuc
621 2162 675 2234 bis
693 2185 857 2256 pergens,
870 2176 1038 2256 expertus
1056 2189 1133 2238 sum
1152 2168 1198 2240 ab

200 2289 490 2375 archimandrita,
529 2289 676 2372 vicario,
714 2287 947 2372 thesaurario,
991 2294 1198 2385 caeterisque

201 2413 401 2497 monacbis;
431 2409 566 2482 fatebor
595 2420 725 2495 tamen,
755 2410 881 2480 nullibi
903 2431 959 2479 me
981 2413 1198 2504 splendidius

200 2539 306 2612 fuisse
331 2544 512 2630 receptum
537 2533 750 2625 cibariisque
767 2534 995 2604 cumulatum.
1016 2536 1197 2607 lllonaste-

200 2659 290 2729 rium
309 2659 400 2726 inter
416 2677 480 2726 nos
496 2645 559 2724 vi'x
576 2655 686 2724 ullum
704 2654 790 2738 scio,
809 2654 908 2744 cujus
926 2655 956 2724 si
974 2677 1106 2747 praeses
1126 2655 1196 2728 fie-

200 2805 288 2867 rem,
300 2781 500 2852 adventanti
517 2780 804 2851 archimandritae
822 2801 960 2872 aequam
982 2802 1119 2875 possem
1137 2805 1199 2855 re-

200 2906 501 3000 penderevicem.
855 2973 856 2976 ,

249 3029 451 3100 Mantalium
475 3027 575 3098 offert
593 3047 733 3119 quoque
747 3026 870 3097 Russia
883 3047 952 3097 non
969 3027 1115 3120 p'arvum
1129 3051 1200 3100 nu-

197 3173 347 3222 merum.
374 3153 507 3222 Harum
527 3151 662 3220 nullum
693 3149 913 3242 frequentavi
932 3149 1196 3238 monasterium,

198 3287 329 3371 praeter
364 3273 542 3368 quoddam
567 3294 688 3344 earum
711 3273 805 3365 quod
831 3273 978 3345 adierim
1011 3277 1194 3370 templum.

195 3399 289 3470 Nulli
314 3397 525 3469 monasteria
545 3407 581 3467 et
608 3397 814 3468 monialium
836 3418 989 3470 camerae
1013 3399 1100 3492 ipsae
1125 3419 1197 3469 non

197 3531 330 3618 patent,
345 3521 434 3591 sicut
451 3520 579 3590 neoeis
593 3520 814 3591 interdicitur
829 3519 1055 3605 indemnitas,
1073 3530 1109 3590 et
1126 3542 1198 3613 quo

202 3645 253 3718 eis
272 3644 413 3715 libuerit
430 3642 555 3714 aditus.
578 3643 772 3714 Visitantur
785 3653 822 3714 et
841 3643 998 3729 visitant,
1020 3643 1087 3714 alia
1106 3665 1198 3715 cau·

196 3767 265 3838 tela
281 3787 352 3837 non
367 3765 537 3850 adbibita,
559 3789 663 3860 quam
683 3769 762 3862 lege
780 3768 858 3862 (nec
874 3788 1014 3861 semper
1027 3769 1194 3862 servata),

196 3889 292 3986 quod
306 3912 327 3962 e
343 3889 449 3963 domo
468 3913 538 3962 non
560 3903 702 3978 exeant,
728 3894 797 3965 nisi
815 3893 945 3965 vetulis
961 3893 1193 3966 associandae.

196 4011 332 4082 Pluries
353 4032 415 4084 eas
440 4013 514 4086 vidi
533 4015 569 4085 in
595 4015 981 4110 communitateplena
1011 4037 1076 4112 per
1101 4016 1193 4104 vias,
