3172 5130
627 719 667 733 -
690 683 752 754 185
766 697 812 732 ‘'-

159 859 161 864 ’
212 869 1209 966 solvoabomnibuspeccetisejus.Tuautem,Dominerex

212 994 383 1080 omnium,
398 993 540 1087 dignam
565 996 619 1066 lac
637 995 788 1066 animam
807 1016 900 1066 nunc
918 993 1072 1065 defuncti
1086 991 1155 1086 (N.)
1173 979 1210 1063 ut

213 1128 419 1212 assequatur
435 1137 584 1210 regnum
603 1129 703 1190 tuum
731 1117 876 1190 coeleste
902 1139 944 1190 ac
969 1115 1106 1210 corpori
1130 1115 1212 1185 huie

212 1239 340 1311 iterum
365 1240 595 1334 conjungens,
628 1261 707 1312 eam
734 1241 770 1312 in
805 1250 978 1313 aeternum
998 1249 1096 1311 tuum
1121 1259 1211 1331 gau·

209 1365 308 1440 dium
325 1367 502 1455 introduc,
522 1369 726 1462 evangelica
739 1367 1114 1444 benedictionis'uoce.
1132 1367 1209 1439 cle·

214 1493 345 1564 mentia
360 1501 432 1578 tua,
448 1497 484 1565 et
496 1493 659 1588 precibus
671 1493 889 1567 Beatissimae
907 1493 1064 1566 Dominae
1076 1492 1213 1563 Nostrae

214 1611 378 1708 Deiparae
394 1633 534 1708 semper
547 1615 704 1708 Virginis
721 1615 843 1688 llariae
866 1625 902 1686 et
926 1614 1090 1687 Omnium
1117 1611 1213 1686 San-

212 1759 368 1820 ctorum.
392 1750 518 1823 Amen.
535 1750 660 1824 Amen.
676 1751 802 1824 Amen.
824 1779 840 1818 n

268 1872 321 1965 (In
351 1874 512 1968 margine
543 1875 668 1946 iterum
696 1875 867 1947 rubrica:
897 1875 940 1944 ut
973 1875 1215 1963 archipraesul

219 2005 358 2092 leperit,
376 2023 504 2074 nomen
529 2026 636 2075 suum
659 2008 768 2076 etiem
790 2012 899 2074 eoetro
925 2007 1214 2094 superscriptum

218 2127 402 2214 opponat.)
614 2209 616 2216 ,

180 2262 182 2266 ’
268 2252 382 2325 Aliter
403 2253 612 2349 dispositum
627 2264 662 2326 et
691 2253 835 2325 brevius
861 2253 1132 2346 chirographum
1148 2263 1219 2326 tra-

219 2373 316 2448 ditur
345 2375 481 2470 pueris,
519 2373 882 2467 absolutionemque
913 2396 982 2447 uon
1000 2377 1129 2468 'egent
1149 2395 1220 2446 non

219 2497 483 2583 continens,sed
497 2518 617 2570 eorum
630 2498 883 2594 baptizatorum
899 2497 934 2567 in
952 2495 1022 2591 fide
1037 2496 1220 2570 decessum

219 2621 436 2716 exprimens.
467 2620 577 2710 Hujus
611 2621 794 2716 exemplar
820 2641 957 2692 mecum
989 2641 1059 2692 non
1094 2620 1218 2705 detuli,

221 2762 299 2828 nec,
319 2742 386 2813 etsi
403 2741 535 2836 pluries
553 2764 615 2838 per
628 2743 746 2816 literas
760 2743 994 2838 requisierim,
1009 2739 1141 2813 habere
1161 2761 1222 2836 po·
1313 2783 1314 2790 κ

222 2869 286 2953 tui,
306 2889 412 2962 quem
429 2867 487 2940 hic
501 2853 787 2942 transcriberem.
810 2869 920 2942 Pareo
936 2867 1032 2964 quod
1049 2868 1084 2937 in
1102 2867 1169 2938 hoo
1183 2875 1218 2936 et

222 2989 300 3076 aliis
316 2988 457 3062 indeed
475 3012 532 3063 me
557 2991 793 3078 remittendis,
818 2983 1015 3076 lutherum,
1034 2989 1080 3062 ob
1099 2989 1223 3082 vulga·

223 3129 297 3187 tum
316 3137 434 3189 meum
460 3121 683 3206 Responsum
697 3113 1041 3206 Antapolopetieum‚
1054 3137 1225 3210 persecu-

225 3239 275 3312 tio
289 3241 405 3313 taliter
415 3241 545 3312 amicos
563 3260 660 3310 meos
675 3238 851 3328 terruerit.
876 3236 947 3310 Sed
966 3259 1032 3310 nec
1046 3236 1149 3310 valde
1163 3259 1223 3309 ne-

225 3364 414 3436 cessariam
432 3363 589 3436 chartam
608 3381 795 3456 puerorum
805 3360 941 3453 iudico,
960 3363 1133 3456 patefacta
1152 3361 1223 3456 pie·
1352 3349 1354 3356 ’

226 3495 297 3558 tate
315 3487 350 3557 in
365 3507 472 3580 supra
486 3484 637 3557 adducta
655 3505 719 3578 pro
737 3485 835 3556 viris
855 3509 871 3552 r

261 3693 435 3770 luctaturi,
450 3700 522 3768 pert.
538 3695 560 3761 l,
576 3710 642 3766 pag.
658 3689 803 3758 tet-tea).
