3124 5126
719 583 721 588 '
803 571 983 646 -ltr-

399 758 500 828 circa,
532 753 760 826 sanctissimae
792 751 970 822 Trinitatis
1014 770 1209 842 personam,
1249 761 1301 820 sat
1331 771 1391 821 os-

398 879 495 956 tendi
508 879 600 947 circa
613 887 738 968 quaest.
758 875 862 946 txxt
878 899 885 956 ;
904 873 1097 967 eodemque
1119 873 1222 944 modo
1236 895 1389 944 asseram

399 1015 545 1076 caeteros
560 1001 745 1070 enutrisse.
1180 1077 1183 1084 .

447 1127 501 1196 Ex
521 1125 587 1194 isto
606 1123 716 1207 veuit,
734 1104 910 1190 Ruthenos
928 1141 1006 1188 cum
1026 1118 1155 1188 Graecis
1175 1119 1327 1190 vicissim
1352 1123 1386 1192 in

401 1269 463 1317 nos
487 1247 784 1316 schismaticorum
813 1243 943 1310 crimen
976 1251 1194 1332 retorquere,
1228 1263 1305 1310 cum
1329 1264 1390 1312 ore

399 1382 518 1438 nostro
537 1389 573 1438 se
600 1366 837 1436 schismaticos
859 1363 1018 1434 audiunt.
1046 1361 1218 1432 Christum
1247 1365 1387 1433 unicum

400 1515 475 1564 esse
491 1492 655 1562 Ecclesiae
674 1500 776 1580 ceput
796 1496 971 1579 repetunt,
989 1485 1087 1572 cujus
1104 1488 1240 1554 unicum
1265 1509 1390 1580 corpus

400 1615 628 1686 communiter
647 1611 818 1704 Apostoiis
836 1610 999 1680 traditum
1015 1609 1236 1678 diviserimus
1251 1633 1326 1693 noe,
1344 1610 1388 1681 ob

401 1747 600 1824 arrogntnm
617 1735 649 1802 in
667 1735 757 1801 Petri
777 1753 975 1802 successore
993 1731 1187 1823 primatum.
1204 1733 1300 1801 Inter
1316 1755 1391 1824 par·

393 1858 565 1927 ticu'iares
583 1857 760 1939 ecclesias,
785 1857 812 1924 si
828 1855 986 1923 divinum
1002 1854 1135 1944 aliquid
1150 1854 1285 1924 cuidam
1306 1877 1391 1926 con·—

402 1981 598 2050 cedendum
622 1981 679 2063 sit,
699 2001 767 2069 quo
786 1979 990 2071 praefulgeat
1007 1979 1162 2068 reliquis,
1185 1979 1385 2074 Hierosoly-

394 2105 544 2174 mitanae
571 2102 604 2172 id
625 2101 831 2183 attribuunt,
853 2100 1024 2192 personati
1051 2099 1172 2169 Christi
1205 2105 1388 2193 praesentia

392 2226 594 2306 iliustratae‚
619 2225 787 2313 sauguine
814 2221 981 2312 irrigatae,
1014 2223 1215 2292 fundatione
1249 2227 1383 2316 primae,

401 2348 626 2418 foecunditate
641 2346 743 2414 matri
762 2358 967 2414 caeterarum
986 2364 1065 2435 quae
1082 2368 1127 2412 ex
1148 2367 1188 2416 ea
1204 2367 1387 2438 processe-

404 2470 486 2538 rint.
508 2468 660 2540 Caeteras
681 2462 772 2538 inter
798 2469 883 2536 aiias
902 2469 1141 2560 praelationem
1165 2491 1302 2538 ornnem
1322 2471 1391 2542 da-

402 2603 472 2664 tam
487 2614 563 2662 esse
581 2591 702 2660 dicunt
716 2593 760 2662 ab
777 2593 991 2672 hominibus,
1006 2601 1043 2660 ut
1060 2593 1315 2682 congruentiori
1328 2613 1387 2662 or-

402 2715 496 2793 dine,
520 2737 580 2806 per
604 2714 706 2783 urbes
732 2713 861 2805 primas
889 2713 982 2783 unde
1006 2713 1217 2804 regebantur
1240 2715 1392 2784 civiliter

395 2846 556 2920 caeterae,
575 2835 670 2903 velut
688 2835 933 2926 imperantium
951 2835 1060 2920 aulas,
1080 2836 1246 2924 regendae
1261 2837 1391 2928 pariter

295 2974 296 2978 ’
403 2960 567 3030 canonice
581 2942 781 3028 inferiorum
800 2957 979 3028 civitatum
994 2959 1152 3030 ecclesiae
1170 2986 1177 3026 ε
1199 2961 1310 3051 primo
1327 2960 1391 3030 Oc-

391 3080 627 3164 -cidentaiem
640 3082 782 3153 Romam
796 3090 953 3150 veterem
968 3107 976 3164 ;
992 3081 1146 3150 secundo
1164 3081 1390 3168 Orientalem,

404 3201 553 3270 Romam
578 3221 715 3278 novam,
741 3201 978 3272 nobilitarent.
1012 3202 1164 3292 integrae
1199 3201 1393 3274 bibliothe-

405 3343 458 3396 cae
488 3323 567 3393 huic
597 3323 802 3396 sustinendo
827 3325 938 3395 errori
968 3324 1247 3409 aschismaticis,
1280 3346 1395 3420 oppu-

403 3444 615 3552 gnandoqne
640 3467 663 3522 a
695 3447 875 3518 catholicis
911 3447 1120 3550 conscriptae
1155 3459 1247 3520 sunt.
1279 3449 1394 3524 Meum

397 3567 518 3661 ¹adjeci
531 3579 646 3638 tamen
666 3569 876 3642 catholicum
890 3573 1077 3658 calamum,
1101 3573 1136 3641 in
1155 3583 1226 3642 toto
1247 3572 1394 3646 articulo

404 3715 496 3766 nono
520 3695 672 3790 symboli
696 3707 731 3766 et
755 3692 839 3766 alibi
867 3696 993 3790 passim
1013 3723 1023 3782 ς
1047 3697 1102 3768 cni
1126 3697 1274 3789 placeat.
1301 3698 1394 3790 legat

366 3861 367 3866 =
404 3809 626 3890 correcturus
653 3817 752 3910 ptura
770 3817 805 3888 in
830 3817 959 3913 quihus
981 3839 1058 3892 mea
1078 3841 1191 3913 penna
1209 3819 1388 3891 defecerit.

452 3939 588 4012 totana
603 3959 685 4033 quae
697 3961 744 4012 ex
759 3939 954 4014 scholarum
975 3939 1113 4014 deiectu
1131 3943 1263 4014 Ruscino
1277 3943 1391 4014 corri-
