3124 5126
793 706 956 765 ...82-

372 872 500 944 Christi
513 893 640 944 nomen
653 872 887 966 superviucat.
904 871 1026 961 Neque
1040 869 1165 939 minori
1184 873 1375 964 providen-

374 1000 422 1069 tia
439 998 501 1068 Dei
517 998 645 1084 dicam,
659 1017 728 1067 non
743 997 846 1090 plene
865 995 1054 1067 cessarein
1071 996 1191 1066 Russia
1205 997 1370 1091 operatio·

372 1146 445 1192 nem
465 1120 626 1192 virtutum
640 1147 649 1188 :
664 1119 832 1192 salvanda
858 1141 901 1190 ea
934 1119 980 1189 ad
997 1118 1110 1188 minus
1128 1140 1149 1188 a
1175 1122 1270 1193 foeda
1286 1145 1369 1196 sor-

371 1245 469 1317 dium
495 1247 757 1322 lutheranarum
792 1244 928 1327 illuvie,
957 1261 1086 1334 graecae
1119 1260 1372 1319 resurrecturae

371 1371 441 1439 Deo
469 1369 608 1459 auspice
637 1366 775 1459 pietatis
804 1366 838 1434 iu
863 1365 1005 1448 ritihus,
1030 1363 1101 1435 fide
1120 1367 1369 1462 etdisciplina,

264 1571 269 1580 ,
370 1491 415 1563 ab
435 1491 601 1585 apostolis
626 1491 769 1581 genitae,
797 1489 1002 1560 doctoribus
1031 1490 1144 1573 fultae,
1166 1504 1372 1586 purpuratas

368 1614 596 1710 martyribus,
617 1613 792 1684 residuam
809 1615 959 1684 obruere
974 1625 1123 1684 conante
1144 1619 1364 1692 memoriam.

368 1737 424 1808 Ab
440 1736 496 1808 his
522 1737 601 1808 ideo
619 1736 808 1808 credendis
824 1736 1018 1821 miraculis,
1040 1757 1137 1810 verae
1167 1739 1306 1830 pietatis
1327 1763 1370 1814 ea

369 1860 590 1951 operantium
607 1871 667 1930 aut
695 1857 778 1929 fidei
811 1859 1113 1930 schismaticorum
1144 1860 1370 1953 (inquorum

368 1982 609 2054 testimonium
626 1983 720 2054 nulla
743 1981 819 2052 heri
841 2003 956 2074 posse,
986 1983 1049 2054 sed
1076 1982 1176 2076 fingi,
1198 1987 1372 2058 fateamur

366 2102 507 2196 Allatio)
526 2104 635 2174 fallax
653 2113 898 2196 argumentum
917 2103 967 2172 nil
989 2104 1227 2189 concluderet,
1244 2118 1282 2177 ut
1300 2110 1370 2180 rite

336 2229 339 2233 ’
367 2227 535 2298 colendos
553 2228 648 2298 viros
664 2227 700 2296 in
719 2209 906 2296 schismate
924 2226 995 2297 loto
1012 2228 1185 2299 obeuntes
1203 2230 1363 2302 inferret.

367 2346 436 2418 Sed
450 2370 563 2441 neque
573 2351 685 2420 Latini
695 2349 865 2443 cujusque
879 2349 915 2420 id
933 2351 1158 2422 convinceret
1171 2353 1363 2440 criterium,

367 2480 405 2540 ut
444 2471 577 2541 nullum
615 2473 749 2542 salvum
789 2472 914 2564 pieque
951 2470 1168 2558 defunctum,
1200 2473 1270 2566 (cui
1300 2497 1369 2547 nee

367 2592 517 2665 schisma
544 2595 750 2686 imputetur,
766 2594 870 2682 juxta
895 2593 987 2664 diota
1015 2595 1051 2663 in
1079 2597 1092 2662 l
1116 2597 1200 2668 clas.
1225 2607 1293 2668 art.
1318 2599 1364 2670 ad

366 2738 426 2809 qu.
449 2716 482 2808 5)
501 2715 549 2810 (l)
566 2717 658 2786 inter
682 2715 860 2788 Ruthenos
886 2714 1122 2787 crederemus.
1145 2717 1218 2788 lmo
1236 2739 1368 2812 quam-

365 2838 485 2931 plures
507 2857 629 2908 eorum
645 2838 777 2928 judico,
797 2857 885 2930 quos
905 2839 1037 2930 profert
1054 2839 1257 2932 antiquitas,
1274 2842 1367 2912 hea-

366 2973 432 3048 tos,
463 2974 670 3054 servataque
706 2963 734 3031 si
764 2961 903 3031 adesset
930 2936 1201 3033 canonizationis
1235 2965 1369 3036 solem-

370 3086 474 3170 nitas,
496 3082 706 3156 exorabiles.
726 3083 767 3151 Et
783 3083 866 3176 quia
885 3103 999 3174 neque
1013 3085 1090 3176 plus
1112 3106 1226 3177 neque
1249 3087 1369 3158 minus

370 3208 485 3279 dicam
506 3209 552 3279 de
574 3207 751 3276 miraculis
776 3216 813 3276 et
837 3206 973 3276 Sanctis
990 3206 1245 3295 Ruthenorum,
1259 3231 1367 3303 quam

370 3333 571 3404 Graecorum
599 3340 676 3423 post
703 3331 866 3413 schisma,
896 3352 986 3428 cum⁸
1005 3330 1176 3422 praedicto
1192 3332 1370 3404 Comneno

370 3453 1227 3545 uhisupra,transcribamGraecumPantaleonem
1238 3452 1368 3544 Ligari·

370 3575 483 3660 dium,
500 3576 655 3668 alioquin
666 3575 852 3668 inlatinos
865 3598 932 3647 non
959 3577 1044 3648 satis
1056 3578 1187 3667 justum
1202 3577 1315 3670 (epist.
1327 3579 1360 3646 9.

370 3698 415 3769 ad
444 3698 549 3768 Alias.
571 3699 606 3768 in
632 3699 768 3770 collect.
791 3700 949 3782 Iustinia,
963 3699 1034 3792 lib.
1060 3700 1093 3792 l)
1114 3727 1121 3768 :
1144 3698 1212 3768 Hoo
1227 3711 1366 3794 portcn-

370 3833 449 3904 lum,
460 3819 523 3904 ait,
543 3819 662 3891 accidit
671 3819 769 3916 plone
787 3818 937 3890 mirabile
951 3845 960 3886 .·
975 3816 1121 3888 sacerdos
1139 3819 1273 3917 quidam
1291 3822 1366 3891 Ru-

404 4091 442 4159 ll)
458 4089 497 4142 cl.
510 4091 629 4158 Appeud.
640 4091 674 4143 X.
