3124 5126
597 596 763 660 ..68-

182 759 327 850 rendus,
339 760 419 854 jure
432 763 599 836 canonico
613 763 899 851 administratus,
917 763 1048 858 gradus
1055 786 1177 840 omues

182 883 394 957 hierarchiae
406 893 441 954 et
458 884 642 958 ministerii
655 886 883 959 ecclesiastici
896 886 1070 959 exhibens
1081 888 1178 982 (quos

181 1029 288 1102 supra
302 1027 380 1102 cap.
402 1005 432 1076 ll
448 1015 484 1077 et
498 1006 543 1078 lll
570 1007 777 1102 retulimus),
797 1009 1018 1080 successione
1032 1029 1103 1080 non
1120 1008 1176 1080 in-

180 1139 353 1226 terrupta,
373 1129 510 1222 integer
527 1141 729 1224 perseverat
755 1131 791 1200 in
817 1131 951 1202 Russia.
975 1131 1041 1201 Per
1057 1113 1173 1224 impo-

179 1251 340 1324 sitionem
353 1269 534 1338 manuum,
553 1253 723 1339 materiis,
742 1253 875 1339 formis,
896 1254 1035 1338 ritibus,
1056 1254 1175 1346 preci-

179 1375 260 1460 bus,
275 1373 424 1446 diversis
435 1372 604 1467 gradibus
617 1375 907 1469 congruentibus,
920 1397 941 1446 a
954 1376 1085 1447 Graecis
1097 1399 1177 1448 mu-

180 1507 276 1570 tuata
293 1496 527 1583 solemnitate,
544 1499 723 1569 confertur
744 1525 752 1569 :
773 1519 838 1570 nec
856 1497 1042 1593 despectus
1060 1497 1177 1569 babe-

180 1633 238 1694 tur
264 1621 364 1716 (siout
396 1620 538 1692 Ordinis
562 1622 651 1693 sacri
677 1629 937 1716 contemptores
964 1621 1177 1693 heterodoxi

179 1743 399 1838 scriptitant),
426 1743 490 1816 sed
501 1753 707 1842 ueneratus,
727 1755 763 1815 et
791 1744 826 1815 in
856 1743 1071 1817 solemnibus
1087 1756 1123 1816 et
1140 1743 1177 1814 in

180 1867 326 1963 privatis
341 1867 451 1940 sacris
468 1867 646 1940 exercitiis
663 1879 821 1964 praestat,
837 1869 1039 1964 requirente
1055 1867 1175 1941 ruthe·

178 2011 226 2061 nu
242 1990 347 2085 plebe
368 1987 650 2087 benedictionem
668 1991 835 2087 simplicis
859 1989 1070 2086 presbyteri,
1093 2011 1175 2062 casu

184 2114 221 2185 iu
239 2113 307 2186 viis
336 2113 480 2185 inventi.
509 2113 577 2198 Qui
593 2091 883 2210 legerit,'plures
910 2135 958 2186 ex
988 2111 1175 2208 presbyte-

173 2238 228 2310 ris
245 2257 322 2309 esse
342 2235 594 2330 pauperrimos,
613 2234 848 2330 operibusque
867 2247 971 2309 extra
987 2257 1087 2307 sacra
1104 2257 1175 2307 me-

178 2359 345 2446 chanicis,
365 2363 401 2429 in
419 2359 518 2454 pagis
535 2359 706 2447 maxime,
734 2358 885 2446 deditos,
915 2371 975 2431 aut
1003 2381 1174 2432 nonnun-

176 2504 282 2578 quam
302 2494 338 2555 et
355 2481 558 2575 abjicientes
575 2503 627 2570 se,
646 2494 682 2554 et
710 2503 730 2554 a
755 2483 964 2577 quibusdam
993 2483 1174 2576 neglectos

179 2603 337 2677 delectus
367 2604 617 2699 particulares,
648 2605 762 2676 nullos
795 2608 887 2677 inter
920 2605 1078 2678 homines
1109 2604 1175 2676 de-

180 2728 328 2813 futuros,
359 2727 395 2798 in
426 2747 648 2800 communem
679 2729 863 2801 ecclesiam
894 2747 965 2800 non
996 2725 1172 2806 refundat.

186 2850 238 2922 Vc
262 2864 369 2924 cutem
396 2849 437 2934 ei,
467 2851 575 2923 latino
604 2853 748 2948 pariter,
775 2877 835 2947 per
864 2877 958 2949 quem
987 2848 1177 2922 scandulum

179 2961 294 3045 uenit:
311 2973 508 3045 necessario
526 2973 757 3066 sequendum,
770 2974 897 3066 Justius
910 2973 1171 3058 detestandum.

177 3094 369 3168 videantur
381 3115 462 3190 quae
473 3095 673 3190 scripsimus
686 3097 916 3191 circaquaest.
934 3094 1109 3166 LXXXIX
1128 3095 1155 3188 (l
1165 3095 1175 3189 )

180 3217 226 3290 de
243 3227 418 3313 praecepta
446 3217 599 3290 virorum
619 3229 829 3314 patrumque
856 3217 1086 3316 spiritualium
1112 3216 1176 3288 ob-

179 3340 375 3426 servantia;
397 3362 441 3412 ne
458 3341 579 3435 praxis
596 3342 700 3434 hujus
727 3342 761 3413 in
774 3343 895 3416 Russia
919 3340 1113 3414 communis
1129 3339 1175 3410 sit

180 3485 201 3536 a
218 3463 320 3537 nobis
336 3463 452 3537 denuo
470 3465 673 3560 repetenda.

233 3681 274 3756 (1)
285 3680 461 3756 CirAppend.
473 3683 546 3740 Vlll.

518 3941 888 3962 Μ
