<?xml version="1.0" encoding="UTF-8"?>
<!DOCTYPE html PUBLIC "-//W3C//DTD XHTML 1.0 Transitional//EN"
    "http://www.w3.org/TR/xhtml1/DTD/xhtml1-transitional.dtd">
<html xmlns="http://www.w3.org/1999/xhtml" xml:lang="en" lang="en">
 <head>
  <title>
</title>
<meta http-equiv="Content-Type" content="text/html;charset=utf-8" />
  <meta name='ocr-system' content='tesseract 3.04.00' />
  <meta name='ocr-capabilities' content='ocr_page ocr_carea ocr_par ocr_line ocrx_word'/>
</head>
<body>
  <div class='ocr_page' id='page_1' title='image "./brevisenarratio00ribegoog/brevisenarratio00ribegoog_0045.png"; bbox 0 0 3148 5132; ppageno 0'>
   <div class='ocr_carea' id='block_1_1' title="bbox 362 717 1486 3668">
    <p class='ocr_par' dir='ltr' id='par_1_1' title="bbox 410 717 1406 1205">
     <span class='ocr_line' id='line_1_1' title="bbox 414 717 1406 829; baseline 0.003 -13"><span class='ocrx_word' id='word_1_1' title='bbox 414 741 455 816; x_wconf 91' lang='lat' dir='ltr'>Id</span> <span class='ocrx_word' id='word_1_2' title='bbox 468 751 507 815; x_wconf 92' lang='lat' dir='ltr'>ut</span> <span class='ocrx_word' id='word_1_3' title='bbox 524 741 601 813; x_wconf 87' lang='lat' dir='ltr'>sine</span> <span class='ocrx_word' id='word_1_4' title='bbox 616 750 698 812; x_wconf 92' lang='lat' dir='ltr'>nota</span> <span class='ocrx_word' id='word_1_5' title='bbox 714 739 877 829; x_wconf 91' lang='lat' dir='ltr'>efficiam,</span> <span class='ocrx_word' id='word_1_6' title='bbox 899 761 999 813; x_wconf 88' lang='lat' dir='ltr'>sacro</span> <span class='ocrx_word' id='word_1_7' title='bbox 1013 717 1091 813; x_wconf 87' lang='lat' dir='ltr'>meo</span> <span class='ocrx_word' id='word_1_8' title='bbox 1109 741 1302 818; x_wconf 90' lang='lat' dir='ltr'>characteri</span> <span class='ocrx_word' id='word_1_9' title='bbox 1315 768 1406 820; x_wconf 93' lang='lat' dir='ltr'>con-</span> 
     </span>
     <span class='ocr_line' id='line_1_2' title="bbox 412 865 1404 952; baseline 0.001 -12"><span class='ocrx_word' id='word_1_10' title='bbox 412 868 544 952; x_wconf 90' lang='lat' dir='ltr'>sulam;</span> <span class='ocrx_word' id='word_1_11' title='bbox 560 887 639 936; x_wconf 93' lang='lat' dir='ltr'>cum</span> <span class='ocrx_word' id='word_1_12' title='bbox 653 872 755 936; x_wconf 85' lang='lat' dir='ltr'>extra</span> <span class='ocrx_word' id='word_1_13' title='bbox 768 884 867 938; x_wconf 89' lang='lat' dir='ltr'>sacra</span> <span class='ocrx_word' id='word_1_14' title='bbox 883 865 932 934; x_wconf 92' lang='lat' dir='ltr'>nil</span> <span class='ocrx_word' id='word_1_15' title='bbox 945 886 1002 936; x_wconf 93' lang='lat' dir='ltr'>me</span> <span class='ocrx_word' id='word_1_16' title='bbox 1015 865 1159 938; x_wconf 86' lang='lat' dir='ltr'>offeram</span> <span class='ocrx_word' id='word_1_17' title='bbox 1173 879 1404 941; x_wconf 92' lang='lat' dir='ltr'>tractaturum</span> 
     </span>
     <span class='ocr_line' id='line_1_3' title="bbox 413 987 1405 1090; baseline -0.002 -26"><span class='ocrx_word' id='word_1_18' title='bbox 413 993 506 1090; x_wconf 84' lang='lat' dir='ltr'>(licet</span> <span class='ocrx_word' id='word_1_19' title='bbox 520 990 556 1060; x_wconf 95' lang='lat' dir='ltr'>in</span> <span class='ocrx_word' id='word_1_20' title='bbox 577 987 648 1060; x_wconf 88' lang='lat' dir='ltr'>fine</span> <span class='ocrx_word' id='word_1_21' title='bbox 664 987 834 1075; x_wconf 87' lang='lat' dir='ltr'>historiae,</span> <span class='ocrx_word' id='word_1_22' title='bbox 854 1008 934 1060; x_wconf 90' lang='lat' dir='ltr'>cum</span> <span class='ocrx_word' id='word_1_23' title='bbox 953 987 1174 1084; x_wconf 83' lang='lat' dir='ltr'>chronologia</span> <span class='ocrx_word' id='word_1_24' title='bbox 1193 1013 1305 1079; x_wconf 89' lang='lat' dir='ltr'>sacra,</span> <span class='ocrx_word' id='word_1_25' title='bbox 1336 1013 1405 1086; x_wconf 92' lang='lat' dir='ltr'>po-</span> 
     </span>
     <span class='ocr_line' id='line_1_4' title="bbox 410 1110 765 1205; baseline -0.017 -17"><span class='ocrx_word' id='word_1_26' title='bbox 410 1110 765 1205; x_wconf 89' lang='lat' dir='ltr'>liticamassociem.).</span> 
     </span>
    </p>

    <p class='ocr_par' dir='ltr' id='par_1_2' title="bbox 362 1234 1486 3668">
     <span class='ocr_line' id='line_1_5' title="bbox 461 1234 1405 1326; baseline -0.001 -15"><span class='ocrx_word' id='word_1_27' title='bbox 461 1239 501 1310; x_wconf 94' lang='lat' dir='ltr'>ln</span> <span class='ocrx_word' id='word_1_28' title='bbox 517 1237 688 1318; x_wconf 87' lang='lat' dir='ltr'>Russiam,</span> <span class='ocrx_word' id='word_1_29' title='bbox 708 1256 788 1306; x_wconf 91' lang='lat' dir='ltr'>cum</span> <span class='ocrx_word' id='word_1_30' title='bbox 804 1234 960 1312; x_wconf 42' lang='lat' dir='ltr'>Entella?</span> <span class='ocrx_word' id='word_1_31' title='bbox 987 1236 1028 1306; x_wconf 86' lang='grc' dir='ltr'>Ι).</span> <span class='ocrx_word' id='word_1_32' title='bbox 1058 1237 1096 1308; x_wconf 88' lang='lat' dir='ltr'>D.</span> <span class='ocrx_word' id='word_1_33' title='bbox 1120 1239 1215 1310; x_wconf 87' lang='lat' dir='ltr'>Duce</span> <span class='ocrx_word' id='word_1_34' title='bbox 1240 1238 1285 1310; x_wconf 94' lang='lat' dir='ltr'>de</span> <span class='ocrx_word' id='word_1_35' title='bbox 1299 1239 1405 1326; x_wconf 78' lang='lat' dir='ltr'>lirin,</span> 
     </span>
     <span class='ocr_line' id='line_1_6' title="bbox 410 1337 1408 1458; baseline 0.001 -22"><span class='ocrx_word' id='word_1_36' title='bbox 410 1361 590 1458; x_wconf 87' lang='lat' dir='ltr'>Hispaniae</span> <span class='ocrx_word' id='word_1_37' title='bbox 602 1360 733 1450; x_wconf 85' lang='lat' dir='ltr'>Legato</span> <span class='ocrx_word' id='word_1_38' title='bbox 756 1337 855 1444; x_wconf 53' lang='lat' dir='ltr'>eles,</span> <span class='ocrx_word' id='word_1_39' title='bbox 869 1337 993 1448; x_wconf 76' lang='lat' dir='ltr'>attlicae</span> <span class='ocrx_word' id='word_1_40' title='bbox 1014 1357 1081 1432; x_wconf 90' lang='lat' dir='ltr'>sibi</span> <span class='ocrx_word' id='word_1_41' title='bbox 1115 1382 1254 1433; x_wconf 90' lang='lat' dir='ltr'>mecum</span> <span class='ocrx_word' id='word_1_42' title='bbox 1281 1364 1408 1437; x_wconf 86' lang='lat' dir='ltr'>subdi-</span> 
     </span>
     <span class='ocr_line' id='line_1_7' title="bbox 400 1471 1405 1580; baseline -0.002 -20"><span class='ocrx_word' id='word_1_43' title='bbox 400 1495 525 1560; x_wconf 90' lang='lat' dir='ltr'>·torum</span> <span class='ocrx_word' id='word_1_44' title='bbox 543 1480 701 1573; x_wconf 84' lang='lat' dir='ltr'>religioni</span> <span class='ocrx_word' id='word_1_45' title='bbox 730 1471 1003 1568; x_wconf 62' lang='lat' dir='ltr'>ministraturus,</span> <span class='ocrx_word' id='word_1_46' title='bbox 1019 1480 1227 1554; x_wconf 88' lang='lat' dir='ltr'>lllissionarii</span> <span class='ocrx_word' id='word_1_47' title='bbox 1250 1484 1405 1580; x_wconf 86' lang='lat' dir='ltr'>Aposto-</span> 
     </span>
     <span class='ocr_line' id='line_1_8' title="bbox 409 1601 1486 1698; baseline -0.002 -18"><span class='ocrx_word' id='word_1_48' title='bbox 409 1607 470 1682; x_wconf 92' lang='lat' dir='ltr'>lici</span> <span class='ocrx_word' id='word_1_49' title='bbox 487 1607 587 1678; x_wconf 89' lang='lat' dir='ltr'>titulo</span> <span class='ocrx_word' id='word_1_50' title='bbox 604 1624 624 1676; x_wconf 90' lang='lat' dir='ltr'>a</span> <span class='ocrx_word' id='word_1_51' title='bbox 640 1603 676 1674; x_wconf 93' lang='lat' dir='ltr'>S.</span> <span class='ocrx_word' id='word_1_52' title='bbox 694 1601 785 1674; x_wconf 84' lang='lat' dir='ltr'><strong>Sede</strong></span> <span class='ocrx_word' id='word_1_53' title='bbox 799 1601 983 1674; x_wconf 87' lang='lat' dir='ltr'>decoratus</span> <span class='ocrx_word' id='word_1_54' title='bbox 996 1605 1138 1676; x_wconf 90' lang='lat' dir='ltr'>accessi.</span> <span class='ocrx_word' id='word_1_55' title='bbox 1156 1606 1266 1698; x_wconf 88' lang='lat' dir='ltr'>Hujus</span> <span class='ocrx_word' id='word_1_56' title='bbox 1282 1609 1406 1682; x_wconf 84' lang='lat' dir='ltr'>excel·</span> <span class='ocrx_word' id='word_1_57' title='bbox 1483 1671 1486 1678; x_wconf 92' lang='lat'><em>.</em></span> 
     </span>
     <span class='ocr_line' id='line_1_9' title="bbox 410 1723 1408 1822; baseline 0 -22"><span class='ocrx_word' id='word_1_58' title='bbox 410 1727 539 1802; x_wconf 92' lang='lat' dir='ltr'>lentior</span> <span class='ocrx_word' id='word_1_59' title='bbox 565 1725 746 1820; x_wconf 86' lang='lat' dir='ltr'>(quantum</span> <span class='ocrx_word' id='word_1_60' title='bbox 772 1723 900 1796; x_wconf 84' lang='lat' dir='ltr'>excedi</span> <span class='ocrx_word' id='word_1_61' title='bbox 922 1725 1073 1819; x_wconf 89' lang='lat' dir='ltr'>patiatur</span> <span class='ocrx_word' id='word_1_62' title='bbox 1101 1729 1219 1822; x_wconf 89' lang='lat' dir='ltr'>regius</span> <span class='ocrx_word' id='word_1_63' title='bbox 1236 1729 1408 1821; x_wconf 86' lang='lat' dir='ltr'>congeni-</span> 
     </span>
     <span class='ocr_line' id='line_1_10' title="bbox 411 1847 1407 1948; baseline -0.002 -21"><span class='ocrx_word' id='word_1_64' title='bbox 411 1863 469 1927; x_wconf 91' lang='lat' dir='ltr'>tus</span> <span class='ocrx_word' id='word_1_65' title='bbox 484 1847 638 1943; x_wconf 83' lang='lat' dir='ltr'>sanguis)</span> <span class='ocrx_word' id='word_1_66' title='bbox 653 1849 807 1936; x_wconf 77' lang='lat' dir='ltr'>solertia,</span> <span class='ocrx_word' id='word_1_67' title='bbox 832 1859 1010 1922; x_wconf 88' lang='lat' dir='ltr'>asservata</span> <span class='ocrx_word' id='word_1_68' title='bbox 1028 1849 1095 1921; x_wconf 93' lang='lat' dir='ltr'>sibi</span> <span class='ocrx_word' id='word_1_69' title='bbox 1110 1874 1227 1924; x_wconf 88' lang='lat' dir='ltr'>rerum</span> <span class='ocrx_word' id='word_1_70' title='bbox 1243 1854 1407 1948; x_wconf 90' lang='lat' dir='ltr'>politica-</span> 
     </span>
     <span class='ocr_line' id='line_1_11' title="bbox 410 1971 1407 2070; baseline -0.003 -19"><span class='ocrx_word' id='word_1_71' title='bbox 410 1999 491 2050; x_wconf 91' lang='lat' dir='ltr'>rum</span> <span class='ocrx_word' id='word_1_72' title='bbox 508 1972 686 2066; x_wconf 82' lang='lat' dir='ltr'>indagine,</span> <span class='ocrx_word' id='word_1_73' title='bbox 707 1971 861 2066; x_wconf 90' lang='lat' dir='ltr'>gratiose</span> <span class='ocrx_word' id='word_1_74' title='bbox 889 1972 977 2043; x_wconf 91' lang='lat' dir='ltr'>mihi</span> <span class='ocrx_word' id='word_1_75' title='bbox 994 1975 1098 2045; x_wconf 90' lang='lat' dir='ltr'>cessit</span> <span class='ocrx_word' id='word_1_76' title='bbox 1115 1997 1297 2047; x_wconf 91' lang='lat' dir='ltr'>sacrarum</span> <span class='ocrx_word' id='word_1_77' title='bbox 1311 1976 1407 2070; x_wconf 90' lang='lat' dir='ltr'>apud</span> 
     </span>
     <span class='ocr_line' id='line_1_12' title="bbox 410 2092 1403 2192; baseline -0.003 -19"><span class='ocrx_word' id='word_1_78' title='bbox 410 2098 590 2173; x_wconf 87' lang='lat' dir='ltr'>Ruthenos</span> <span class='ocrx_word' id='word_1_79' title='bbox 606 2095 823 2166; x_wconf 88' lang='lat' dir='ltr'>scrutinium.</span> <span class='ocrx_word' id='word_1_80' title='bbox 846 2092 902 2168; x_wconf 84' lang='lat' dir='ltr'>Ad</span> <span class='ocrx_word' id='word_1_81' title='bbox 920 2096 987 2167; x_wconf 92' lang='lat' dir='ltr'>hoc</span> <span class='ocrx_word' id='word_1_82' title='bbox 1000 2097 1065 2168; x_wconf 85' lang='lat' dir='ltr'>vix</span> <span class='ocrx_word' id='word_1_83' title='bbox 1082 2097 1275 2192; x_wconf 91' lang='lat' dir='ltr'>quidquam</span> <span class='ocrx_word' id='word_1_84' title='bbox 1291 2098 1403 2170; x_wconf 93' lang='lat' dir='ltr'>omisi:</span> 
     </span>
     <span class='ocr_line' id='line_1_13' title="bbox 411 2218 1407 2319; baseline -0.004 -23"><span class='ocrx_word' id='word_1_85' title='bbox 411 2222 492 2319; x_wconf 87' lang='lat' dir='ltr'>quia</span> <span class='ocrx_word' id='word_1_86' title='bbox 522 2220 559 2291; x_wconf 93' lang='lat' dir='ltr'>in</span> <span class='ocrx_word' id='word_1_87' title='bbox 589 2219 727 2313; x_wconf 91' lang='lat' dir='ltr'>templis</span> <span class='ocrx_word' id='word_1_88' title='bbox 744 2227 779 2288; x_wconf 94' lang='lat' dir='ltr'>et</span> <span class='ocrx_word' id='word_1_89' title='bbox 807 2218 1027 2289; x_wconf 85' lang='lat' dir='ltr'>monasteriis</span> <span class='ocrx_word' id='word_1_90' title='bbox 1045 2219 1134 2289; x_wconf 92' lang='lat' dir='ltr'>nihil</span> <span class='ocrx_word' id='word_1_91' title='bbox 1149 2242 1302 2314; x_wconf 88' lang='lat' dir='ltr'>unquam</span> <span class='ocrx_word' id='word_1_92' title='bbox 1318 2222 1407 2292; x_wconf 90' lang='lat' dir='ltr'>mihi</span> 
     </span>
     <span class='ocr_line' id='line_1_14' title="bbox 407 2340 1406 2438; baseline -0.001 -21"><span class='ocrx_word' id='word_1_93' title='bbox 407 2367 478 2417; x_wconf 90' lang='lat' dir='ltr'>non</span> <span class='ocrx_word' id='word_1_94' title='bbox 505 2343 626 2438; x_wconf 87' lang='lat' dir='ltr'>patuit,</span> <span class='ocrx_word' id='word_1_95' title='bbox 651 2340 793 2413; x_wconf 88' lang='lat' dir='ltr'>eumad</span> <span class='ocrx_word' id='word_1_96' title='bbox 817 2341 1023 2412; x_wconf 87' lang='lat' dir='ltr'>sacratiores</span> <span class='ocrx_word' id='word_1_97' title='bbox 1057 2351 1092 2412; x_wconf 91' lang='lat' dir='ltr'>et</span> <span class='ocrx_word' id='word_1_98' title='bbox 1121 2343 1252 2414; x_wconf 83' lang='lat' dir='ltr'>relatos</span> <span class='ocrx_word' id='word_1_99' title='bbox 1284 2364 1406 2416; x_wconf 93' lang='lat' dir='ltr'>eorum</span> 
     </span>
     <span class='ocr_line' id='line_1_15' title="bbox 405 2463 1406 2560; baseline -0.001 -22"><span class='ocrx_word' id='word_1_100' title='bbox 405 2467 507 2549; x_wconf 91' lang='lat' dir='ltr'>ritus,</span> <span class='ocrx_word' id='word_1_101' title='bbox 535 2466 737 2560; x_wconf 85' lang='lat' dir='ltr'>frequenter</span> <span class='ocrx_word' id='word_1_102' title='bbox 779 2464 870 2535; x_wconf 92' lang='lat' dir='ltr'>intra</span> <span class='ocrx_word' id='word_1_103' title='bbox 899 2466 1099 2535; x_wconf 88' lang='lat' dir='ltr'>sanctuaria</span> <span class='ocrx_word' id='word_1_104' title='bbox 1127 2486 1207 2536; x_wconf 89' lang='lat' dir='ltr'>cnm</span> <span class='ocrx_word' id='word_1_105' title='bbox 1238 2463 1406 2537; x_wconf 88' lang='lat' dir='ltr'>Ruthenis</span> 
     </span>
     <span class='ocr_line' id='line_1_16' title="bbox 404 2587 1404 2682; baseline -0.005 -17"><span class='ocrx_word' id='word_1_106' title='bbox 404 2589 565 2665; x_wconf 82' lang='lat' dir='ltr'>Praelatis</span> <span class='ocrx_word' id='word_1_107' title='bbox 580 2589 732 2660; x_wconf 86' lang='lat' dir='ltr'>interfui.</span> <span class='ocrx_word' id='word_1_108' title='bbox 753 2589 880 2660; x_wconf 87' lang='lat' dir='ltr'>Veram</span> <span class='ocrx_word' id='word_1_109' title='bbox 910 2587 1059 2682; x_wconf 87' lang='lat' dir='ltr'>proinde</span> <span class='ocrx_word' id='word_1_110' title='bbox 1085 2588 1404 2682; x_wconf 74' lang='lat' dir='ltr'>expositiunculam</span> 
     </span>
     <span class='ocr_line' id='line_1_17' title="bbox 406 2705 1401 2805; baseline -0.007 -18"><span class='ocrx_word' id='word_1_111' title='bbox 406 2713 580 2787; x_wconf 84' lang='lat' dir='ltr'>Ruthenae</span> <span class='ocrx_word' id='word_1_112' title='bbox 608 2705 799 2796; x_wconf 68' lang='lat' dir='ltr'>Ecclesiae,</span> <span class='ocrx_word' id='word_1_113' title='bbox 814 2723 891 2804; x_wconf 91' lang='lat' dir='ltr'>post</span> <span class='ocrx_word' id='word_1_114' title='bbox 921 2711 1131 2805; x_wconf 83' lang='lat' dir='ltr'>explicatam</span> <span class='ocrx_word' id='word_1_115' title='bbox 1155 2711 1260 2802; x_wconf 91' lang='lat' dir='ltr'>hujus</span> <span class='ocrx_word' id='word_1_116' title='bbox 1282 2708 1401 2794; x_wconf 88' lang='lat' dir='ltr'>fidem,</span> 
     </span>
     <span class='ocr_line' id='line_1_18' title="bbox 411 2831 1401 2928; baseline 0 -24"><span class='ocrx_word' id='word_1_117' title='bbox 411 2831 578 2920; x_wconf 82' lang='lat' dir='ltr'>exhibeo,</span> <span class='ocrx_word' id='word_1_118' title='bbox 613 2834 753 2927; x_wconf 89' lang='lat' dir='ltr'>qualem</span> <span class='ocrx_word' id='word_1_119' title='bbox 786 2831 957 2928; x_wconf 87' lang='lat' dir='ltr'>perficere</span> <span class='ocrx_word' id='word_1_120' title='bbox 986 2834 1071 2904; x_wconf 92' lang='lat' dir='ltr'>mihi</span> <span class='ocrx_word' id='word_1_121' title='bbox 1099 2831 1335 2928; x_wconf 80' lang='lat' dir='ltr'>praelaudatus</span> <span class='ocrx_word' id='word_1_122' title='bbox 1359 2834 1401 2904; x_wconf 90' lang='lat' dir='ltr'>D.</span> 
     </span>
     <span class='ocr_line' id='line_1_19' title="bbox 362 2939 1405 3051; baseline -0.003 -20"><span class='ocrx_word' id='word_1_123' title='bbox 362 2939 364 2942; x_wconf 29' lang='lat'>⁵</span> <span class='ocrx_word' id='word_1_124' title='bbox 411 2959 541 3031; x_wconf 62' lang='lat' dir='ltr'>uxum</span> <span class='ocrx_word' id='word_1_125' title='bbox 564 2957 722 3050; x_wconf 82' lang='lat' dir='ltr'>-Legatns</span> <span class='ocrx_word' id='word_1_126' title='bbox 735 2957 899 3051; x_wconf 91' lang='lat' dir='ltr'>imposuit</span> <span class='ocrx_word' id='word_1_127' title='bbox 920 2977 1048 3050; x_wconf 89' lang='lat' dir='ltr'>:quam</span> <span class='ocrx_word' id='word_1_128' title='bbox 1068 2957 1201 3028; x_wconf 90' lang='lat' dir='ltr'>scilicet</span> <span class='ocrx_word' id='word_1_129' title='bbox 1219 2955 1405 3049; x_wconf 89' lang='lat' dir='ltr'>simplicis-</span> 
     </span>
     <span class='ocr_line' id='line_1_20' title="bbox 412 3078 1406 3167; baseline -0.003 -14"><span class='ocrx_word' id='word_1_130' title='bbox 412 3081 501 3154; x_wconf 88' lang='lat' dir='ltr'>sima</span> <span class='ocrx_word' id='word_1_131' title='bbox 533 3082 681 3154; x_wconf 89' lang='lat' dir='ltr'>veritate</span> <span class='ocrx_word' id='word_1_132' title='bbox 710 3078 1042 3167; x_wconf 83' lang='lat' dir='ltr'>commendabilem,</span> <span class='ocrx_word' id='word_1_133' title='bbox 1064 3101 1134 3151; x_wconf 93' lang='lat' dir='ltr'>non</span> <span class='ocrx_word' id='word_1_134' title='bbox 1165 3079 1329 3150; x_wconf 90' lang='lat' dir='ltr'>redderet</span> <span class='ocrx_word' id='word_1_135' title='bbox 1345 3079 1406 3151; x_wconf 86' lang='lat' dir='ltr'>vi-</span> 
     </span>
     <span class='ocr_line' id='line_1_21' title="bbox 413 3201 1407 3300; baseline 0 -26"><span class='ocrx_word' id='word_1_136' title='bbox 413 3211 486 3275; x_wconf 89' lang='lat' dir='ltr'>tata</span> <span class='ocrx_word' id='word_1_137' title='bbox 522 3203 706 3300; x_wconf 83' lang='lat' dir='ltr'>prolixitas</span> <span class='ocrx_word' id='word_1_138' title='bbox 747 3201 945 3277; x_wconf 84' lang='lat' dir='ltr'>taediosam.</span> <span class='ocrx_word' id='word_1_139' title='bbox 983 3203 1106 3276; x_wconf 91' lang='lat' dir='ltr'>Brevis</span> <span class='ocrx_word' id='word_1_140' title='bbox 1131 3211 1317 3296; x_wconf 85' lang='lat' dir='ltr'>eapropter</span> <span class='ocrx_word' id='word_1_141' title='bbox 1348 3201 1407 3274; x_wconf 88' lang='lat' dir='ltr'>hic</span> 
     </span>
     <span class='ocr_line' id='line_1_22' title="bbox 413 3321 1407 3419; baseline -0.002 -23"><span class='ocrx_word' id='word_1_142' title='bbox 413 3323 660 3419; x_wconf 87' lang='lat' dir='ltr'>obtemperare</span> <span class='ocrx_word' id='word_1_143' title='bbox 701 3323 847 3417; x_wconf 88' lang='lat' dir='ltr'>incipiat</span> <span class='ocrx_word' id='word_1_144' title='bbox 881 3324 1066 3418; x_wconf 88' lang='lat' dir='ltr'>prologus:</span> <span class='ocrx_word' id='word_1_145' title='bbox 1096 3323 1267 3415; x_wconf 84' lang='lat' dir='ltr'>citiusque</span> <span class='ocrx_word' id='word_1_146' title='bbox 1303 3321 1407 3394; x_wconf 85' lang='lat' dir='ltr'>inve-</span> 
     </span>
     <span class='ocr_line' id='line_1_23' title="bbox 413 3443 1405 3542; baseline -0.004 -24"><span class='ocrx_word' id='word_1_147' title='bbox 413 3445 558 3534; x_wconf 88' lang='lat' dir='ltr'>nienda,</span> <span class='ocrx_word' id='word_1_148' title='bbox 574 3457 669 3520; x_wconf 89' lang='lat' dir='ltr'>seota</span> <span class='ocrx_word' id='word_1_149' title='bbox 682 3448 796 3542; x_wconf 87' lang='lat' dir='ltr'>capita</span> <span class='ocrx_word' id='word_1_150' title='bbox 824 3447 935 3520; x_wconf 89' lang='lat' dir='ltr'>acad</span> <span class='ocrx_word' id='word_1_151' title='bbox 963 3447 1159 3540; x_wconf 86' lang='lat' dir='ltr'>marginem</span> <span class='ocrx_word' id='word_1_152' title='bbox 1187 3443 1341 3517; x_wconf 90' lang='lat' dir='ltr'>indicata</span> <span class='ocrx_word' id='word_1_153' title='bbox 1358 3444 1405 3540; x_wconf 77' lang='lat' dir='ltr'>(l)</span> 
     </span>
     <span class='ocr_line' id='line_1_24' title="bbox 413 3571 1121 3668; baseline 0.001 -25"><span class='ocrx_word' id='word_1_154' title='bbox 413 3571 640 3662; x_wconf 91' lang='lat' dir='ltr'>notabuntur,</span> <span class='ocrx_word' id='word_1_155' title='bbox 659 3594 703 3644; x_wconf 92' lang='lat' dir='ltr'>ne</span> <span class='ocrx_word' id='word_1_156' title='bbox 721 3573 902 3668; x_wconf 86' lang='lat' dir='ltr'>displiceat</span> <span class='ocrx_word' id='word_1_157' title='bbox 925 3573 1121 3646; x_wconf 90' lang='lat' dir='ltr'>methodus.</span> 
     </span>
    </p>
   </div>
   <div class='ocr_carea' id='block_1_2' title="bbox 459 3957 1246 4040">
    <p class='ocr_par' dir='ltr' id='par_1_3' title="bbox 459 3957 1246 4040">
     <span class='ocr_line' id='line_1_25' title="bbox 459 3957 1246 4040; baseline -0.01 -18"><span class='ocrx_word' id='word_1_158' title='bbox 459 3962 499 4040; x_wconf 86' lang='lat'>(1)</span> <span class='ocrx_word' id='word_1_159' title='bbox 511 3960 597 4019; x_wconf 83' lang='lat' dir='ltr'>Notas</span> <span class='ocrx_word' id='word_1_160' title='bbox 610 3961 780 4034; x_wconf 79' lang='lat' dir='ltr'>marginales</span> <span class='ocrx_word' id='word_1_161' title='bbox 792 3961 828 4018; x_wconf 82' lang='lat' dir='ltr'>ad</span> <span class='ocrx_word' id='word_1_162' title='bbox 840 3959 921 4017; x_wconf 79' lang='lat' dir='ltr'>inilia</span> <span class='ocrx_word' id='word_1_163' title='bbox 933 3959 1055 4032; x_wconf 83' lang='lat' dir='ltr'>capitum</span> <span class='ocrx_word' id='word_1_164' title='bbox 1067 3957 1246 4015; x_wconf 78' lang='lat' dir='ltr'>remittimus.</span> 
     </span>
    </p>
   </div>
   <div class='ocr_carea' id='block_1_3' title="bbox 0 0 1578 5132">
    <p class='ocr_par' dir='ltr' id='par_1_4' title="bbox 0 0 1578 5132">
     <span class='ocr_line' id='line_1_26' title="bbox 0 0 1578 5132; baseline 0 2"><span class='ocrx_word' id='word_1_165' title='bbox 0 0 1578 5132; x_wconf 95' lang='lat' dir='ltr'> </span> 
     </span>
    </p>
   </div>
  </div>
 </body>
</html>
