3148 5132
608 627 755 691 ..7-

582 953 720 1021 CAPUT
743 955 772 1023 Ι.

362 1237 463 1313 Initio
488 1239 566 1312 fitei
589 1227 840 1366 cunuti-tuem
864 1241 998 1319 Russie.

229 1539 328 1613 Fidei
352 1539 552 1613 christianae
582 1539 682 1611 initia
699 1539 859 1612 Ruthena
876 1543 986 1636 pietas
1003 1543 1171 1620 adscribit

181 1663 409 1761 (veneratiori
423 1663 515 1758 idco)
530 1665 565 1734 S.
583 1662 737 1734 Andreae
752 1661 931 1756 Apostolo.
947 1665 1172 1743 Monumente

180 1785 363 1858 traditioni
379 1784 462 1856 huic
479 1783 617 1856 desunt.
639 1784 712 1856 Nec
733 1785 872 1875 negabo
887 1795 1015 1874 tamen,
1036 1789 1072 1860 S.
1092 1789 1172 1860 An-

180 1907 302 1980 dream
332 1907 584 2003 praedicantem
615 1905 650 1976 in
682 1905 825 2000 Scythia
853 1928 977 1979 versus
1007 1911 1169 2000 Pontum,

179 2030 308 2104 deinde
324 2031 360 2102 in
385 2030 491 2125 Epiro
508 2050 631 2102 versus
656 2029 846 2124 tityricum,
864 2030 945 2102 hinc
971 2032 1007 2102 in
1024 2035 1173 2110 Thracia

177 2153 270 2226 inter
285 2154 433 2226 Pontum
450 2163 485 2224 et
503 2154 623 2225 istrum
635 2150 721 2246 (vid.
748 2153 828 2224 lect.
849 2152 1043 2249 Breviarii)‚
1071 2169 1170 2230 ante·

178 2299 283 2373 quam
300 2278 336 2350 in
361 2276 493 2348 Achaia
509 2276 644 2348 subiret
657 2296 810 2362 crucem,
827 2276 903 2348 sive
920 2278 967 2348 ad
985 2279 1171 2352 Rutheno·

177 2421 257 2471 rum
273 2399 445 2472 hodierna
462 2401 575 2495 ipsum
590 2399 775 2470 accessisse
790 2397 955 2486 confinia,
975 2402 1051 2473 sive
1069 2424 1171 2497 quos·

177 2519 260 2593 dam
276 2542 319 2593 eo
347 2523 482 2593 misisse
510 2521 712 2617 discipulos,
745 2542 815 2616 quo
846 2523 1007 2594 conversi
1038 2525 1171 2598 fuerint

176 2644 293 2718 forsan
312 2644 470 2716 nonnulli
487 2644 523 2714 in
551 2645 699 2716 Russia:
720 2645 845 2715 mansit
859 2653 974 2716 tamen
994 2645 1043 2717 ibi
1059 2645 1169 2721 idolo·

175 2767 276 2841 latria
290 2769 430 2863 publica
443 2778 479 2839 et
490 2769 695 2855 communis,
714 2769 867 2864 fereper
884 2768 1007 2842 decem
1023 2773 1165 2847 saecula.

176 2891 327 2964 Dimidio
361 2913 466 2978 nono,
502 2901 659 2986 tempore
682 2891 802 2962 Basilii
820 2892 834 2962 Ι
850 2892 1064 2982 Macedonis,
1087 2917 1172 2967 cer-

175 3022 250 3086 tum
268 3021 335 3102 est,
354 3015 479 3086 missos
492 3014 599 3086 fuisse
612 3034 750 3108 graecos
776 3013 1030 3086 ecclesiasticos
1045 3037 1170 3089 versus

174 3139 335 3211 Kioviam
353 3161 433 3211 cum
462 3141 497 3209 S.
516 3138 645 3233 Cyrillo
669 3139 833 3234 episcopo
852 3138 912 3232 (t).
941 3139 1018 3228 Hic,
1039 3161 1170 3236 propo-

174 3259 242 3332 sito
271 3261 308 3331 in
342 3260 592 3355 praedicatione
621 3260 790 3332 miraculo
823 3257 1037 3332 liberationis
1062 3262 1168 3332 trium

172 3385 484 3479 puerorumtpenes
501 3384 703 3480 prophetam
715 3383 846 3476 Baniel)
856 3383 901 3455 ab
911 3383 1168 3477 igneinstanti·

173 3509 439 3596 husRuthenis,
460 3509 554 3582 idem
567 3509 847 3603 experimentum
863 3507 943 3579 fecit
955 3528 1034 3578 cum
1049 3509 1169 3580 Evan-

174 3632 346 3727 geliorum
369 3632 459 3704 libro
480 3661 488 3704 :
509 3633 573 3706 sed
597 3634 661 3706 vix
678 3633 748 3705 ullo
765 3631 894 3728 potitus
914 3630 949 3701 in
963 3631 1091 3725 populo
1107 3631 1168 3704 illo

173 3756 312 3842 fructu,
353 3756 501 3828 servatis
536 3755 585 3827 ibi
618 3755 741 3843 idolis,
778 3752 917 3827 transiit
948 3752 1098 3850 Cyrillus
1128 3752 1167 3827 in

174 3876 382 3964 Moraviam,
400 3891 437 3948 et
461 3877 495 3949 in
509 3877 710 3970 Butgariam
739 3897 819 3950 cum
840 3873 955 3949 sociis.

213 4096 255 4174 (l)
268 4098 305 4158 V.
319 4097 394 4173 App.
407 4098 431 4157 1.
