3148 5132
609 576 777 640 ..31-

192 745 361 821 lebranda
393 740 599 838 prudentia;
634 763 715 838 quae
747 740 964 814 tractandam
993 745 1188 840 Petropolis

192 866 446 966 professoribus
462 863 673 958 theologiam
692 886 760 938 non
778 865 1003 951 commiserit,
1020 887 1108 960 quos
1125 866 1187 938 he·

193 988 383 1061 terodoxos
400 986 463 1060 vix
480 1006 550 1058 non
568 1007 690 1058 omnes
705 987 829 1080 elegit3
849 987 910 1082 qui
928 986 1189 1060 noxiaLuthcri

191 1109 357 1205 dogmata
374 1109 537 1204 privatim
554 1109 585 1180 si
605 1108 772 1181 Rutheuis
798 1109 1102 1197 commendarent,
1123 1109 1190 1184 sal·
1315 1147 1318 1154 ·

192 1245 265 1308 tem
290 1233 429 1327 publice
461 1232 756 1303 obmutescerem.
779 1231 868 1302 Allia
885 1232 1042 1304 Revaliae
1059 1234 1188 1318 Succos

193 1333 355 1430 auctores
377 1363 549 1426 memorat
572 1364 712 1425 servata
733 1353 863 1441 schole,
892 1355 1034 1426 Livouis
1050 1365 1085 1428 et
1101 1355 1188 1427 I'in-

192 1479 308 1553 laudis
330 1478 449 1573 paucis
478 1477 701 1550 humaniores
730 1479 865 1550 litteras
891 1490 1139 1576 propagatura,
1165 1501 1188 1554 a

193 1604 362 1681 Ruthenis
381 1602 443 1712 uix
455 1602 703 1698 perquirenda.
735 1583 737 1586 ⁵
1096 1605 1101 1610 “

474 1807 868 1822 m

582 2127 722 2196 CAPUT
740 2130 819 2196 VII.

578 2419 670 2496 libri
702 2417 804 2494 sacri.

246 2717 285 2790 Iu
305 2718 414 2791 sacris
439 2720 571 2814 itaque,
601 2719 742 2792 eosdem
760 2718 955 2792 directuros
969 2713 1101 2790 habent
1119 2718 1191 2792 Ru-

197 2839 295 2912 theni
311 2839 432 2928 libros,
450 2849 523 2912 tum
537 2841 574 2912 in
586 2839 670 2926 fide,
690 2851 764 2914 tum
781 2842 820 2914 in
835 2842 976 2938 pietate.
994 2839 1191 2935 Principem

197 2962 289 3032 inter
315 2961 398 3035 istos
413 2961 583 3034 honorem
600 2961 730 3034 habeut
748 2963 938 3057 Scripturae
954 2961 1100 3039 divinant
1119 2983 1189 3035 vc-

196 3083 261 3155 luti
286 3085 464 3178 canonicae
481 3096 635 3180 receptae
661 3107 682 3158 a
708 3086 1024 3172 Ruthenisomnes,
1052 3105 1133 3178 quae
1154 3086 1191 3158 in

198 3204 355 3278 Romana
394 3208 562 3280 Ecclesia.
600 3209 784 3281 Slavonice
820 3210 1027 3281 translatum
1060 3209 1191 3302 legitur
1230 3213 1232 3218 '

198 3322 245 3397 ab
255 3327 305 3398 eis
319 3329 427 3402 Vetus
437 3331 531 3403 Test.
536 3330 639 3422 juxta
657 3331 749 3402 LXX
767 3331 975 3426 interpretes
989 3331 1025 3403 in
1040 3332 1191 3408 lectione

196 3447 352 3523 Romana
366 3454 531 3548 antiquas
549 3456 686 3527 Novum
700 3455 791 3526 Test.
808 3457 1000 3531 secuudum
1015 3458 1202 3544 Graecam„

198 3572 284 3646 Cum
299 3595 385 3670 ergo
401 3576 436 3648 S.
450 3577 683 3673 Hieronymus
693 3598 798 3651 verus
815 3582 1046 3654 communiter
1059 3579 1191 3655 creda*

197 3700 255 3766 tur
272 3697 440 3792 (Dalmata
457 3700 566 3796 ortus)
588 3703 756 3773 Slavonus
772 3703 957 3776 translator
973 3703 1042 3802 (1),
1067 3703 1189 3798 procul

235 3925 277 4000 (l)
293 3925 454 3983 Meminerit
474 3927 571 3994 lector,
598 3932 661 3983 haec
681 3929 789 4000 scripta'
804 3927 891 3984 fuisse
909 3925 1011 3981 soeculo
1030 3925 1123 3982 XVIII
1135 3927 1187 3992 rix

197 4013 306 4081 adulto;
316 4031 367 4070 noe
380 4015 475 4070 deesse
487 4016 572 4071 offlam
581 4019 679 4074 nostra
688 4015 828 4088 aetatequi
840 4015 869 4070 S:
879 4011 1083 4087 Hieronymum
1092 4019 1189 4074 aucto·

198 4118 260 4158 rom
268 4101 356 4159 luisse
365 4106 463 4177 putent
471 4103 628 4174 literarum,
642 4108 674 4160 ut
686 4107 831 4174 vocantur,
842 4099 1084 4179 plauditicmm.
