3124 5126
634 605 672 616 -
690 570 780 632 73...

223 767 270 816 ex
283 741 406 814 Russia
420 742 573 834 [cunctos
590 737 751 831 nobiles),
768 735 920 830 publice,
937 737 973 807 in
991 737 1078 808 facie
1090 740 1216 811 Eccle-

224 867 287 938 siae
312 863 388 936 aliis
410 873 550 956 nuptos,
580 859 781 930 viventibus
810 860 931 954 primis
962 860 1145 945 uxoribu'S,
1171 859 1216 932 ob

225 991 423 1061 convictum
453 984 663 1056 adulterium
679 985 780 1076 juxta
801 1005 934 1056 morem
952 985 997 1056 ad
1020 987 1215 1057 monacha-

227 1127 299 1186 tum
316 1111 497 1183 damnatis.
512 1109 604 1192 Quas
618 1108 763 1178 crimine
777 1107 934 1194 indubio,
953 1110 1076 1180 melius
1088 1111 1221 1180 carceri

228 1233 456 1304 recludendae
490 1231 731 1315 decernerem,
776 1239 815 1300 ut
846 1232 994 1301 vitarem
1023 1232 1218 1324 lupanaria,

227 1380 332 1451 qnam
372 1356 605 1436 monasterio;
643 1377 686 1425 ne
717 1375 839 1426 earum
871 1336 1078 1427 immodesta
1107 1355 1220 1426 saltim

228 1491 361 1566 mente,
379 1481 538 1572 sorteque
557 1499 718 1572 corpore,
734 1457 926 1570 polluerem
945 1479 1096 1549 claustra
1111 1507 1118 1550 :
1133 1500 1222 1572 ape-

229 1602 352 1674 rienda
366 1604 477 1674 solum
493 1603 661 1673 adulteris
680 1604 781 1696 plene
798 1613 956 1672 correcta
974 1601 1134 1686 libidine,
1154 1601 1222 1672 eli-

230 1729 428 1822 gendaque,
449 1727 630 1820 plusquam
648 1726 760 1795 aliena
792 1727 840 1809 vi,
877 1727 1019 1818 propria
1045 1727 1225 1796 voluntate

232 1851 414 1945 (quidquid
432 1851 465 1919 in
486 1849 712 1928 contrarium,
729 1849 864 1919 erudite
887 1851 952 1919 etsi
969 1850 1145 1944 scripserit
1163 1849 1226 1920 Ni-

234 1948 1223 2068 colausComnenus‚Graecus‚Praenot.Mystag.resp.5.

233 2109 319 2168 sect.
344 2095 380 2180 2,
401 2118 495 2164 num.
520 2092 566 2178 l).
589 2096 794 2186 Pauperem,
825 2094 981 2186 inquam,
1001 2097 1226 2188 polygamum

158 2279 163 2286 .
234 2221 307 2290 vidi
338 2219 469 2289 nullum
504 2219 539 2288 in
558 2219 690 2288 Russia.
717 2219 872 2296 Nobiles,
901 2219 947 2288 ad
974 2219 1226 2290 honestandam

149 2351 152 2356 '
237 2344 471 2437 polygamiam
494 2341 797 2435 quaerendumque
816 2343 976 2414 ecclesiae
1003 2347 1158 2437 ipsorum
1183 2345 1227 2416 ad

237 2465 526 2533 incontinentiam
553 2465 702 2555 asylum,
725 2465 759 2532 in
789 2465 858 2534 aevi
892 2467 1002 2534 nostri
1033 2467 1230 2558 imperante

237 2587 477 2658 decorandum
497 2587 689 2657 tuebuntur
703 2589 898 2680 exemplar.

288 2709 514 2802 Repudiatam
530 2731 551 2779 a
565 2713 667 2782 Petro
687 2713 713 2795 l,
731 2713 1024 2806 constitutamque
1042 2713 1076 2780 in
1093 2733 1232 2783 monas-

240 2832 328 2903 terio
340 2831 481 2903 vDecitzu
498 2833 665 2914 Moscuae,
684 2834 806 2927 reliqui
822 2833 1015 2920 viventem,
1032 2856 1112 2927 quae
1126 2857 1236 2929 nuper

241 2957 1235 3052 decessit,uxor·emejusprimam,EodooeiomFedcroonam

241 3076 417 3174 Lopucltin.
441 3081 535 3152 Hanc
552 3081 761 3153 adulterium
781 3084 986 3163 confessam,
1009 3083 1169 3155 adultero
1183 3095 1236 3156 ta·

241 3222 321 3272 men
336 3203 623 3294 exquisitioribus
653 3207 835 3276 tormentis
853 3226 873 3275 a
905 3204 1051 3304 crimine
1072 3205 1237 3297 negando

242 3325 386 3410 inllex0,
415 3327 740 3420 confessionemque
768 3328 946 3420 complicis
972 3329 1123 3398 femineo
1156 3339 1236 3399 tor-

243 3462 440 3520 mentorum
459 3451 567 3519 metui
586 3451 774 3534 tribuente,
796 3453 984 3543 imperanti
999 3451 1065 3544 ipsi
1091 3452 1191 3522 Petro
1218 3475 1238 3522 e

220 3597 222 3608 ¹
246 3575 338 3665 pa10,
358 3575 414 3644 cui
440 3573 582 3644 tandem
605 3573 731 3645 affixus
751 3574 864 3646 triduo
886 3577 989 3656 vixit,
1016 3575 1238 3666 tyrannidem

245 3697 466 3790 objurgante,
483 3697 709 3790 inauditaque
733 3700 926 3768 constantia
945 3699 1057 3769 scelus
1070 3721 1139 3768 non
1154 3700 1239 3770 levi-

247 3828 301 3888 ter
314 3818 460 3890 dubium
480 3820 712 3914 relinquente,
730 3820 851 3892 Petrus
869 3821 927 3891 ille
948 3821 981 3889 in
999 3821 1138 3892 caeteris
1161 3821 1241 3894 Ma-

248 3964 338 4036 gnus
352 3942 545 4030 dimittens,
567 3939 781 4014 Collatinum
804 3941 955 4015 attendit
974 3943 1189 4027 Palaemonio,
1207 3947 1240 4015 in
