3148 5132
611 1283 793 1359 hsuuotio
812 1283 1001 1379 iuventutis
1023 1282 1059 1357 et
1088 1279 1209 1376 plebis.

427 1604 643 1680 instruendis
660 1605 777 1698 pueris
789 1606 825 1675 in
844 1604 963 1699 primis
990 1604 1124 1688 litteris,
1143 1622 1371 1696 numerisque

377 1729 565 1805 slavonicis
580 1727 710 1798 nationi
728 1727 890 1822 propriis,
911 1727 959 1797 ita
985 1737 1023 1798 nt
1045 1727 1178 1820 legere,
1197 1724 1367 1811 scribere,

378 1855 613 1948 vulgaresque
628 1851 816 1946 emptionis
832 1873 875 1923 ac
892 1851 1102 1924 venditionis
1114 1858 1296 1944 computus
1313 1850 1370 1920 fa-

378 2003 458 2054 cere
471 2000 540 2050 non
555 1978 726 2071 ignorent,
744 1976 894 2049 Rutheni
908 1975 1013 2048 etiam
1032 1974 1256 2070 pauperiores
1273 1973 1370 2044 invi·

377 2104 498 2194 gilant.
520 2098 651 2171 Nullibi
667 2099 778 2190 major
795 2119 891 2184 cura;
909 2097 1031 2169 nullibi
1049 2095 1180 2190 pueris,
1200 2106 1238 2168 ut
1252 2117 1295 2168 ea
1311 2094 1371 2166 di·

376 2232 488 2308 scant,
515 2219 629 2291 minus
656 2218 804 2311 ignoscit
832 2227 983 2310 egestas,
1012 2237 1078 2288 nec
1101 2217 1249 2312 proinde
1266 2217 1365 2289 ullibi

378 2344 575 2441 generalior
605 2342 749 2413 tructus.
782 2341 901 2413 Taceri
935 2363 1004 2413 non
1037 2351 1193 2412 meretur
1228 2339 1371 2412 immitis

378 2488 570 2564 pauperum
590 2474 770 2558 pareutum
787 2485 857 2548 ars,
873 2485 954 2556 quae
973 2463 1088 2535 vincat
1105 2464 1272 2558 inopiam.
1287 2463 1371 2535 Pae-

380 2578 633 2680 domagistru'm
651 2585 724 2657 adit
741 2607 880 2680 parens,
901 2608 980 2658 cum
997 2608 1067 2681 quo
1091 2609 1159 2658 non
1177 2597 1368 2674 menstrua,

380 2729 450 2780 non
466 2729 580 2778 annua
597 2707 767 2778 solutione
784 2711 965 2793 convenit,
984 2707 1047 2779 sed
1065 2709 1242 2781 levissima
1256 2719 1291 2779 et
1310 2729 1372 2780 se-

382 2829 451 2899 mel
480 2829 716 2923 adimplenda,
747 2839 801 2900 sat
831 2831 1003 2903 instructo
1032 2832 1068 2902 in
1100 2832 1218 2926 primis
1247 2831 1374 2904 litteris

383 2971 506 3048 puero.
530 2949 638 3022 Unico
653 2963 690 3021 ut
705 2951 825 3022 audivi
842 2949 974 3022 rollone
991 2953 1175 3048 (imperiali
1188 2964 1287 3025 scuto
1302 2953 1375 3024 vul-

382 3073 1376 3173 gariargenteo)tantumexspectatopraeceptornonraro

382 3196 599 3270 conducitur.
624 3199 689 3269 llic
711 3219 775 3292 pro
798 3199 912 3272 citiori
933 3199 1098 3272 mercede
1121 3201 1207 3272 nulli
1228 3223 1375 3295 parcens

382 3319 573 3402 severitati,
590 3341 736 3413 puerum
746 3322 791 3394 ad
804 3322 1036 3396 addiscendos
1046 3323 1278 3396 elementares
1290 3323 1374 3398 cha-

382 3455 621 3528 racteres‚nec
631 3442 723 3516 flexa
733 3468 798 3518 nec
814 3449 1011 3521 intermissa
1021 3449 1057 3520 vi
1067 3451 1243 3544 compellit
1255 3452 1375 3524 inten-

383 3563 480 3637 dere.
490 3565 658 3637 Vixcredi
668 3581 783 3660 posset
792 3571 828 3641 in
839 3571 1373 3667 noscendisl3literisalphabeti

383 3687 545 3760 slavonici
559 3688 655 3784 (ipsis
668 3689 847 3788 niz-Bait)
862 3694 1012 3765 verbere
1026 3695 1227 3768 stimulante
1241 3718 1375 3792 puero-

385 3830 464 3880 rum
493 3811 666 3884 celeritas.
698 3814 771 3886 Nec
796 3825 898 3908 pater
925 3827 1025 3888 curat
1053 3815 1200 3890 diminui
1229 3839 1372 3913 poenam

387 3926 474 4018 filio,
489 3952 511 4003 a
524 3953 594 4026 qua
606 3953 686 4004 eum
700 3932 945 4030 redempturus
959 3949 1049 4011 esset
1063 3940 1186 4032 majori
1201 3941 1369 4037 pecunia:
