3124 5126
781 602 967 667 ..132-

382 783 580 876 linguarum
597 802 616 850 a
635 777 898 852 translatoribus
920 799 988 850 nun
1020 787 1179 850 accurate
1203 799 1224 848 e
1255 795 1374 868 graeco

384 923 513 988 versos,
542 925 603 995 per
621 904 788 974 incuriam
806 903 1061 996 descriptorum
1079 883 1317 993 cattigraphiae
1340 909 1376 970 et
1443 1001 1448 1010 ο
1555 937 1556 964 r

382 1023 639 1117 orthographiae
665 1024 863 1115 ignarorum
888 1023 1002 1093 adhuc
1021 1023 1131 1113 magis
1147 1022 1370 1114 depravatos,

383 1167 425 1216 ac
437 1145 646 1217 succedente
664 1141 893 1240 typographia
908 1167 996 1226 cum»
1007 1144 1130 1215 iisdem
1149 1144 1286 1214 mendis
1303 1144 1373 1212 im-

386 1289 524 1362 pressos
540 1295 548 1350 ;
567 1269 648 1337 item
667 1268 836 1358 imagines
862 1268 1022 1360 antiquas
1039 1278 1073 1337 et
1105 1266 1370 1346 schediasmate,
1444 1283 1448 1288 ·

384 1389 551 1472 fabutosa,
571 1390 673 1460 anitia
696 1401 732 1459 et
749 1391 794 1459 ab
810 1390 963 1459 Ecclesia
983 1411 1051 1460 non
1068 1387 1271 1482 approbata,
1290 1399 1373 1458 tan-

383 1535 487 1606 quam
515 1513 757 1605 antiquitatem
781 1532 913 1582 sacrum
942 1512 1102 1582 detinent
1134 1512 1309 1582 mordicus
1337 1523 1373 1582 et

380 1646 598 1706 venerantur
626 1635 874 1728 superstitioso.
903 1636 929 1704 tt
960 1646 1079 1704 contra
1113 1633 1221 1705 libros
1255 1645 1373 1704 tuma

383 1761 527 1844 Nicone,
549 1773 621 1830 tum
643 1761 688 1830 ab
705 1759 781 1830 aliis
795 1759 1013 1852 patriarchis,
1033 1780 1109 1829 cum
1125 1767 1294 1831 consensu
1311 1779 1372 1828 re-

383 1886 442 1976 gio
464 1906 505 1954 ac
524 1884 677 1955 universi
707 1883 791 1953 oleri
818 1884 965 1966 Russiae‚
981 1881 1026 1952 ad
1050 1903 1205 1952 normam
1224 1883 1374 1954 lectissi-

384 2026 518 2075 morum
571 2005 879 2098 manuscriptorum
930 2025 1127 2098 graecorum
1168 2025 1208 2074 ac
1248 2004 1375 2094 graecis

384 2126 589 2218 patriarchis
647 2126 897 2197 submissorum
949 2138 1135 2210 correctos,
1199 2135 1374 2219 utcunque

382 2246 587 2318 emendatos
603 2268 643 2316 ac
658 2247 900 2339 reimpressus;
916 2247 999 2316 item
1012 2268 1120 2316 novas
1134 2259 1169 2315 ct
1181 2246 1374 2340 elegantius

320 2399 325 2410 ·
384 2371 495 2464 pictas
524 2371 692 2462 imagines
722 2390 852 2456 sacras,
871 2381 1036 2461 tanquam
1068 2370 1246 2464 profanam
1269 2371 1374 2440 novi-

382 2502 503 2570 tatem,
522 2503 746 2562 contemnunt
764 2505 799 2562 et
815 2504 1034 2562 aversantur.

433 2614 575 2699 Quarto,
593 2616 676 2707 quia
702 2635 847 2707 parerga
867 2637 928 2708 pro
952 2618 1046 2707 argis
1076 2627 1149 2684 ete
1176 2626 1296 2685 contra
1314 2637 1373 2687 ac·

384 2737 563 2829 cipientes‚
585 2737 738 2828 ritusque
753 2757 815 2830 pro
831 2737 1052 2830 dogmatibus
1065 2737 1261 2809 sancientes
1278 2737 1374 2831 dog-

382 2870 544 2951 mataque
572 2856 661 2929 adeo
688 2879 771 2929 uera
808 2872 1023 2954 respuentes,
1042 2870 1115 2930 tum
1147 2861 1273 2954 putam,
1301 2869 1374 2932 tum

384 2983 474 3054 clam
497 2982 684 3054 seditiones
704 2997 897 3070 moverent,
918 2997 954 3056 et
975 3007 1068 3058 nuuc
1099 3009 1120 3057 a
1153 2985 1376 3080 pseudologis

382 3107 509 3202 passim
522 3107 834 3179 excommunicatis
851 3118 909 3177 aut
932 3130 952 3179 a
979 3129 1157 3180 sacrorum
1179 3109 1376 3180 ministerio

383 3230 572 3323 suspensis,
590 3231 789 3322 transfugis,
807 3231 895 3300 ctam
911 3232 1078 3324 instigati,
1096 3233 1235 3304 nemine
1252 3253 1373 3326 perse-

384 3367 526 3445 quente,
542 3354 666 3446 pacati,
687 3354 732 3424 ad
748 3355 856 3426 silvas
870 3367 904 3426 et
922 3355 1066 3426 latibula
1085 3377 1162 3426 sese
1179 3357 1374 3444 conferant,

386 3475 433 3544 ibi
447 3496 562 3545 ueram
591 3477 779 3548 Ecclesiam
798 3479 907 3548 latere
924 3477 1145 3563 dictitantes;
1174 3481 1308 3550 interea
1339 3479 1375 3552 iu

385 3594 593 3689 multigenas
610 3609 722 3677 sectas
736 3610 771 3668 et
796 3601 991 3692 antiquatas
1002 3605 1076 3692 jam
1096 3600 1248 3672 haereses
1274 3604 1376 3676 scissi

384 3717 512 3788 adalsis
528 3719 739 3810 utapostatis
752 3721 991 3812 antesignanis
1006 3697 1146 3793 nomina
1162 3724 1371 3797 adsciscunt.

386 3839 488 3924 Dum,
523 3840 679 3934 inquam.
711 3843 777 3914 sub
814 3856 989 3937 praetextu
1019 3845 1108 3937 signi
1138 3849 1253 3918 crucis
1282 3848 1376 3924 diota

383 3962 501 4034 omnia
518 3975 626 4058 egunt
654 3975 795 4060 propter
815 3987 955 4041 crucem
972 3967 1114 4060 quidem
1129 3969 1289 4062 (incitata
1307 3985 1376 4045 ate
