3148 5132
815 619 981 684 ..32-

404 789 512 862 dubio
528 787 761 881 antiquiorem
782 785 873 857 banc
892 786 1092 859 versionem
1117 788 1287 881 praemisit
1304 791 1400 896 vol-⁸

403 920 513 1003 gatae,
534 909 736 1004 priusquam
756 909 889 980 scilicet
911 909 947 980 in
968 909 1187 982 Palaestinam
1210 924 1389 1006 pergeret,

303 1029 307 1036 ⁴
404 1033 617 1105 accuratiora
630 1032 675 1103 ad
691 1031 784 1117 hanc
809 1031 1024 1124 exemplaria
1046 1033 1286 1110 consulturust
1308 1037 1397 1112 alias

403 1155 524 1226 necin
547 1155 630 1242 iota,
650 1154 779 1229 slavica
809 1174 829 1224 a
849 1153 999 1244 Vulgata
1019 1153 1254 1248 discreparett
1287 1179 1394 1250 quam

403 1287 618 1351 tamencum
637 1288 739 1348 antea
758 1297 805 1348 ex
822 1275 935 1348 veteri
960 1276 1114 1347 Romana
1142 1288 1177 1349 et
1198 1277 1322 1352 Graeca
1338 1281 1397 1352 le—

402 1398 518 1470 ctione
527 1397 1397 1484 transtulerit,slavicaimmutataremansit:varia·

345 1505 346 1508 ¹
402 1520 453 1592 tio
465 1521 549 1592 hinc
560 1521 806 1594 dictionumex
819 1519 912 1591 LXX
925 1513 1176 1615 interpretibus
1192 1523 1397 1616 petita,uul-

402 1654 496 1736 gatae
509 1644 557 1714 nil
571 1642 745 1728 obfutura,
774 1641 867 1736 apud
881 1652 1039 1715 auctores
1062 1645 1260 1738 exponitur.
1277 1649 1397 1722 Sicubi

403 1768 580 1862 integrum
597 1789 751 1852 sensum,
771 1779 830 1838 aut
847 1767 1083 1838 necessarium
1106 1769 1254 1840 verbum
1270 1771 1306 1842 in
1324 1794 1396 1845 cx-

403 1891 550 1986 emplari
563 1890 692 1961 slavico
705 1887 871 1974 deficere,
890 1897 1046 1960 vetustas
1059 1889 1160 1962 offert
1169 1889 1280 1983 (sicuti
1289 1894 1390 1967 erud.

402 2015 550 2110 profess.
564 2013 737 2106 Petropol.
749 2013 787 2082 D.
803 2013 942 2084 Grotius
952 2033 1089 2084 mecum
1099 2014 1394 2091 inmonasterium

405 2135 552 2208 Troitzae
565 2137 751 2230 proiectus,
772 2132 818 2205 ad
832 2135 947 2206 locum
962 2135 988 2205 l.
1006 2135 1105 2206 toan.
1123 2137 1165 2222 V,
1184 2139 1220 2223 8,
1240 2139 1395 2212 notabile

404 2257 441 2328 in
458 2257 625 2330 Ruthenis
640 2257 891 2328 vetustioribus
914 2255 1092 2330 codicibus
1122 2259 1276 2354 volebat)
1287 2293 1297 2347 ς
1316 2263 1396 2356 quis

404 2382 561 2476 negabit,
580 2402 812 2453 amanuenses
831 2381 958 2474 potius,
988 2392 1023 2452 et
1044 2401 1169 2474 parum
1198 2395 1392 2472 accuratos,

403 2525 470 2576 nec
483 2517 535 2576 sat
551 2515 736 2588 correctos,
756 2515 815 2574 aut
838 2503 943 2573 citius
969 2503 1182 2576 accusandos
1200 2525 1277 2576 esse
1293 2517 1396 2601 typo-

405 2625 571 2720 graphum
587 2645 691 2719 quam
708 2625 753 2695 ob
770 2623 932 2695 mutilum
945 2643 992 2695 ex
1009 2623 1063 2694 his
1077 2627 1271 2721 exemplar,
1288 2647 1396 2720 aquo

402 2746 644 2818 defectuosum
655 2748 770 2819 forsan
782 2747 1396 2841 offeraturtransscriptum,dubium
1423 2828 1426 2838 s

406 2871 521 2940 lacere
534 2871 924 2942 communemllcclesiae
934 2874 1099 2942 sensum?
1109 2872 1395 2946 SciolaLutbera-

406 3013 531 3063 norum
557 2992 678 3064 critica
694 3013 775 3087 quae
795 2993 947 3087 primum
964 2991 1103 3084 objiciat
1117 3014 1181 3087 pro
1198 2997 1334 3069 cunctis
1353 2997 1398 3068 li-

378 3099 384 3105 ’
405 3113 482 3186 bris
502 3114 624 3201 sacris,
650 3115 889 3188 orthodoxam
919 3114 957 3185 in
983 3115 1172 3188 Ecclesiam
1201 3119 1397 3192 obseruan-

407 3236 493 3308 tiam
519 3234 674 3332 secundo
691 3237 806 3310 eidem
833 3247 1030 3310 commento
1050 3239 1305 3312 satisfacturam
1327 3262 1397 3315 non
1465 3321 1467 3326 ,

407 3361 582 3432 molestet.

458 3483 657 3555 Secundum
691 3481 833 3572 librum,
869 3483 955 3556 fidei
980 3495 1016 3556 et
1041 3485 1197 3559 moribus
1230 3487 1398 3561 Ruthenis

408 3607 612 3680 ordinandis
643 3609 835 3703 vulgatum,
870 3607 984 3681 dicam
1017 3630 1093 3682 esse
1126 3610 1395 3698 Catacheticam,

407 3752 513 3826 quam
542 3751 695 3826 expono,
725 3726 947 3832 Ortdodoocom
964 3725 1137 3820 vocatum,
1157 3731 1340 3805 orientatis
1361 3757 1400 3804 oc

406 3850 600 3948 Apostolicoe
618 3849 771 3923 Ecclesioe
795 3849 1034 3947 consessionem,
1063 3855 1174 3946 Hujus
1199 3855 1398 3928 Ruthenum

410 3984 601 4066 auctorem,
617 3987 654 4050 et
677 3977 771 4074 apud
786 3978 926 4054 Graecos
943 3985 1195 4071 auctoritatem,
1215 3981 1251 4052 in
1271 3981 1398 4077 praelu÷
1436 3981 1440 3988 ‘
