3172 5130
734 563 915 632 -180-

322 747 398 819 cuit
415 746 522 820 veris.
535 745 634 818 Unde
641 723 779 838 Justum¹
788 743 881 818 hunc
893 742 961 816 sibi
980 699 1146 816 rcrihouli
1161 743 1318 839 praefixit

322 871 460 944 titulum
476 857 489 941 ἑ
506 871 596 961 liber
610 871 717 954 baro·
729 880 848 963 quem,
868 870 897 940 si
919 869 1010 941 iuter
1025 866 1110 940 deos
1134 871 1255 954 Liber,
1271 869 1316 941 li-

263 989 265 992 ’
321 992 446 1066 berum
466 1015 547 1065 eum
572 994 608 1064 iu
634 991 837 1065 mentiendo
862 992 967 1064 lecit:
984 993 1138 1064 bardum
1164 1013 1203 1063 se
1228 993 1318 1064 scial

322 1115 528 1204 catholicus,
559 1117 619 1211 qui
648 1117 682 1188 ei
705 1114 811 1188 fidem
843 1117 1062 1210 praestiterit.
1082 1116 1250 1208 llgallioo
1280 1117 1316 1186 io

321 1239 474 1312 italicum
488 1239 617 1312 idioma
629 1261 710 1312 eum
724 1219 942 1320 translatum,
954 1239 1099 1334 Neapoli
1116 1237 1211 1310 1697
1225 1238 1331 1332 typis>

323 1361 442 1434 datum
465 1361 546 1454 lego
563 1363 657 1457 (pag.
674 1359 773 1455 rus),
790 1363 966 1434 recoctam
985 1360 1181 1432 litterarum
1200 1382 1318 1432 emor-

322 1484 465 1574 tualium
503 1482 769 1556 llloscovitarum
813 1483 988 1554 suecicam
1031 1481 1198 1568 fabulam,
1252 1481 1321 1554 hac

323 1629 430 1684 usura
453 1605 607 1678 credulis
641 1605 892 1678 revendeutem
908 1631 916 1674 :
933 1603 1029 1699 quod
1046 1618 1107 1668 cas
1121 1617 1233 1668 manu
1251 1618 1321 1684 pu·

325 1729 412 1796 clici
436 1727 574 1796 notarri
594 1727 717 1805 urhis,
744 1725 857 1795 soluto
883 1724 1021 1792 adhoc
1051 1743 1161 1794 aureo
1191 1725 1320 1794 ducato

326 1834 558 1919 subscriptas,
577 1848 751 1932 apponant
768 1836 947 1921 defuncto,
959 1834 1124 1930 quodque
1138 1837 1184 1909 ad
1196 1840 1234 1909 S.
1247 1842 1322 1908 Pe-

265 2007 269 2015 ·
328 1969 426 2033 trum
449 1961 667 2047 deferendos
695 1981 759 2056 pro
779 1961 941 2052 ingressu
966 1959 1001 2029 in
1020 1960 1150 2032 coelum
1179 1960 1326 2056 dicant.¹

328 2081 463 2176 Ecquol
496 2107 701 2180 pauperum,
719 2107 868 2178 quorum
888 2080 1009 2155 nullibi
1034 2106 1075 2158 ac
1094 2085 1130 2156 iu
1147 2086 1323 2160 Moscovia

330 2189 553 2304 tautacopia,
569 2205 972 2304 remanerentinsepulta
990 2209 1178 2296 cadavera,
1201 2211 1232 2282 si
1250 2187 1330 2283 du-¹

329 2339 408 2405 cato
424 2353 531 2406 aureo
542 2333 692 2406 emenda
709 2343 802 2405 esset
819 2333 953 2404 ohartae
965 2330 1205 2428 subscriptio?
1223 2337 1323 2408 Hauc

326 2457 514 2557 perfecisse
538 2455 613 2530 vidi
637 2476 774 2550 semper
798 2455 989 2550 parochum
1025 2465 1086 2527 aut
1111 2457 1218 2530 alium
1237 2478 1323 2530 exe·

327 2580 487 2674 quiarum
520 2577 672 2650 officium
709 2577 980 2672 persolventem,
1015 2569 1077 2670 pro
1111 2600 1195 2671 qua,
1231 2581 1325 2652 ultra

328 2700 597 2777 minutissimum
631 2723 811 2772 nummum
842 2699 1049 2771 solvendum
1081 2701 1324 2796 typographo,

332 2824 381 2896 uil
398 2834 525 2917 praeter
543 2811 797 2916 sepulchralem
826 2823 1085 2916 eleemosynam
1106 2822 1180 2894 dari
1200 2824 1283 2916 (imo
1306 2846 1337 2896 a.

332 2947 493 3043 pluribus
511 2946 559 3017 uil
572 2945 650 3018 dari
669 2942 781 3040 posse)
796 2943 915 3030 crctlo,
934 2923 1333 3038 subscripturoliltecas

331 3073 500 3172 parocho.
1062 3166 1063 3170 Ἰ

351 3198 523 3280 Ιϋθῑοοῑο
545 3217 586 3268 ac
626 3195 843 3291 prorogando
890 3194 1086 3282 mendacio,
1124 3198 1342 3288 ostendetur*

337 3321 478 3394 rutheni
491 3320 578 3394 ritus
596 3323 633 3392 iu
650 3321 773 3404 charta
802 3320 867 3392 hac
881 3319 1005 3392 tradita
1026 3322 1170 3392 mortuis
1193 3323 1329 3416 pieta's;

337 3440 486 3538 praefixa
518 3453 760 3515 contentorum
794 3445 828 3514 iu
866 3464 906 3514 ea
938 3443 1046 3514 latina
1087 3444 1327 3534 translatione,

337 3586 455 3658 quam,
477 3587 540 3638 neo
577 3567 688 3637 verho
720 3565 840 3637 addito
873 3576 933 3636 aut
974 3565 1145 3652 detracto,
1168 3567 1333 3658 originali

335 3686 526 3761 slavonicae
539 3689 826 3787 correspondere,
847 3689 1027 3782 peripsius
1040 3690 1197 3760 veritatis
1207 3703 1333 3764 aucto-

340 3828 416 3879 rem
435 3822 603 3902 quantum
634 3834 774 3908 possum
795 3822 962 3894 attestor;
992 3813 1104 3884 trihus
1128 3812 1174 3883 nil
1201 3810 1340 3889 discre-

342 3933 509 4029 paulibus
531 3957 571 4008 ac
592 3937 682 4010 inter
716 3959 754 4008 se
781 3936 899 4008 insciis
928 3933 1198 4008 translatoribus
1214 4021 1215 4028 ἵ
1233 3953 1338 4028 usus,-
