3172 5130
761 631 946 692 *latr-

360 806 599 877 transleribilis
620 825 747 875 corona
762 816 927 894 cognatos
953 803 1098 874 haberet
1128 804 1308 895 expositos
1338 833 1345 873 :

269 963 275 973 ·
358 940 586 1019 praecesserat
622 927 795 1021 siquidem
829 928 971 997 alterius
1005 928 1124 1020 stirpis
1156 927 1345 998 Mentziko-

357 1049 496 1133 wianae,
513 1053 697 1142 agentibus
713 1050 913 1142 Dolgorulris
928 1051 1011 1143 ipsis
1045 1052 1156 1134 ruina,
1189 1063 1346 1121 recusata

358 1191 404 1264 ex
420 1173 540 1264 primis
553 1193 694 1264 sponsa,
707 1193 812 1266 quam
830 1174 1034 1265 lmperatori
1053 1173 1267 1244 destinarant
1280 1174 1347 1243 im-

358 1295 494 1387 puberi.
521 1296 619 1378 Quae,
644 1297 671 1365 si
695 1294 842 1366 secundi
864 1317 932 1365 non
960 1295 1210 1388 praeviderant,
1240 1317 1344 1388 aequa

356 1415 505 1488 fortunae
541 1419 677 1488 saevitia
720 1417 929 1488 didicerunt.
959 1420 1102 1488 vCuncta
1147 1419 1235 1488 haec‘
1275 1437 1348 1488 noc

357 1543 470 1613 invisa
496 1545 542 1611 nil
579 1563 647 1612 non
679 1541 937 1613 observandum
974 1546 1165 1614 intulerunt
1198 1545 1231 1612 in
1269 1545 1346 1634 lege

356 1686 463 1734 sacra.
498 1667 619 1737 Dilatae
654 1687 739 1756 ergo
773 1668 905 1758 nuptiae
935 1665 1145 1760 lmperantis
1174 1678 1350 1736 extremae>

358 1788 559 1881 aegritudini
592 1789 732 1860 tandem
769 1809 939 1860 cessere:
975 1811 1054 1858 cum
1089 1791 1250 1859 exitiales
1282 1810 1349 1878 ag-

326 1915 332 1926 '
356 1933 488 2003 gressae
503 1913 693 2006 principem
713 1912 899 1984 virulentas
915 1914 1063 2005 pustulae
1082 1913 1114 1980 in
1126 1912 1251 1981 cadem
1270 1911 1348 2003 llpi·

358 2011 512 2128 phaniae
528 2057 624 2106 sacra
656 2036 875 2107 solemnitate
902 2037 1011 2128 ipsam
1037 2035 1240 2128 Imperatori
1276 2033 1348 2104 dis·

359 2173 546 2251 posuerunt
566 2161 657 2230 diem
681 2161 725 2231 ad
754 2163 933 2242 feretrum,
951 2181 1055 2251 quarn
1075 2181 1172 2230 amor
1189 2159 1255 2230 sibi
1276 2159 1348 2228 lere

359 2283 575 2374 conjugalem
625 2283 818 2353 destinarat
847 2283 893 2353 ad
927 2284 1148 2354 thalamum:
1192 2301 1351 2373 quosque

358 2427 462 2477 nemo
488 2429 556 2478 non
572 2409 737 2480 credebat
756 2411 857 2502 plene
874 2407 1114 2479 moderaturcs
1143 2409 1344 2499 imperium,

359 2551 435 2600 cam
451 2531 586 2600 luctrrra
599 2552 723 2624 sponsa
737 2533 797 2600 vix
809 2554 877 2601 non
892 2531 1114 2621 degustatum
1130 2531 1347 2621 conjugium,

359 2654 465 2725 latum
480 2655 610 2747 pepulit
626 2656 658 2723 in
674 2654 909 2724 miserandum
929 2655 1074 2723 exilium
1095 2653 1141 2744 (p.
1169 2651 1262 2745 239).

773 2874 975 2886 ——.--

585 3037 804 3107 APPENDlX
824 3038 855 3106 X
872 3036 926 3129 (ad
947 3059 1028 3130 pag.
1051 3036 1122 3128 82).

408 3245 518 3334 Huius
534 3247 656 3314 asserti
676 3246 845 3316 rationem
862 3244 1041 3337 depromit
1055 3244 1181 3316 Riber'a
1195 3265 1239 3312 ex
1263 3263 1349 3311 ver-

359 3361 413 3434 bis
430 3367 465 3436 S.
482 3367 625 3437 Thomae
642 3367 689 3458 (2r
707 3370 746 3439 2.
759 3391 817 3459 qu.
839 3369 874 3452 2,
891 3358 957 3438 art.
982 3370 1006 3436 ὃ·
1021 3364 1133 3458 corp.)
1158 3395 1163 3434 :
1193 3392 1209 3432 <r
1227 3366 1351 3448 Quan-

360 3497 434 3558 tum,
461 3489 505 3558 ad
536 3491 646 3582 prima
677 3489 857 3562 credibilia
890 3511 970 3582 quae
999 3499 1079 3558 sunt
1103 3489 1238 3558 articuli
1270 3485 1351 3560 fidei
1401 3569 1408 3580 Ι

361 3607 409 3699 (in
426 3612 597 3704 symbolo)
616 3623 752 3682 terretur
772 3615 874 3684 homo
890 3613 1061 3706 explicite
1080 3611 1242 3692 credere,
1261 3609 1351 3680 sicut

362 3742 396 3800 et
415 3743 551 3802 tenetur
569 3733 699 3804 lrabere
717 3732 835 3805 [idem.
869 3735 1043 3818 Quantum
1068 3745 1183 3803 autern
1212 3728 1257 3800 ad
1284 3727 1351 3797 alia

361 3853 539 3924 credibilia
555 3855 698 3950 (scilicet
713 3859 807 3950 quod
820 3859 993 3930 Abraham
1008 3859 1131 3930 habuit
1144 3857 1234 3930 duos
1247 3853 1349 3938 filios,

363 3985 421 4070 aut
445 3976 539 4066 quod
557 3979 666 4052 David
686 3981 749 4052 luit
776 3979 964 4073 filicslsat)
990 4001 1058 4052 non
1086 3991 1223 4052 tenetur
1250 3975 1353 4046 homo
