3148 5132
194 1324 296 1400 Secta
319 1325 600 1420 Resoolnioornm,
625 1327 856 1404 hereticorum
880 1330 969 1406 inter
999 1330 1180 1410 Ruthonos.

243 1633 439 1710 indefessus
459 1639 723 1734 communisque
745 1640 930 1714 servandae
964 1640 1046 1713 fidei
1070 1639 1179 1723 zetus,

114 1767 118 1780 ·
192 1755 382 1829 immunem
409 1759 499 1830 hanc
526 1760 702 1832 custodire
731 1763 890 1854 nequivit
919 1783 938 1834 a
967 1760 1182 1856 quibusdam

118 1975 120 1984 y
192 1875 363 1952 Rutbenae
375 1902 449 1954 suae
459 1882 625 1955 Ecclesiae
639 1883 890 1956 desertoribus.
905 1887 1036 1957 Horum
1052 1885 1102 1955 ibi
1112 1905 1183 1956 non

193 2002 418 2075 immodicum
457 2014 588 2076 coetum
614 2007 828 2078 constituunt
861 2008 1017 2100 quidam,
1064 2005 1183 2078 vocati

192 2123 389 2209 Rascotnici,
424 2146 509 2198 vera
544 2129 697 2199 nominis
733 2127 1003 2221 significatione,
1040 2129 1077 2200 id
1113 2137 1180 2216 est,

191 2275 351 2348 seprepes‚
370 2248 580 2336 schismatici,
599 2251 789 2347 pertinaces,
811 2251 1033 2339 adversantes,
1055 2253 1184 2324 tumid-

193 2371 311 2461 tacrii,
332 2384 399 2445 etc.
430 2375 564 2448 Nomen
589 2375 683 2448 istud
709 2375 777 2448 sibi
804 2375 922 2448 datum
951 2376 996 2448 ab
1022 2376 1118 2447 initio
1146 2375 1184 2447 bi

191 2497 417 2592 respuebant,
429 2498 516 2570 illud
531 2499 698 2572 Ruthenis
712 2501 791 2572 aliis
804 2500 1030 2594 applicantes:
1043 2511 1183 2596 sumpto

189 2620 259 2692 sibi
274 2621 360 2692 isto:
376 2619 526 2708 latrant,
542 2622 609 2695 hoe
621 2635 674 2694 est
683 2621 797 2708 Eiecti,
814 2623 915 2716 quasi
930 2633 1061 2715 praeter
1074 2624 1180 2717 ipsos,

190 2743 308 2814 essent
326 2743 466 2838 reprobi
483 2746 601 2817 caeteri
622 2773 629 2816 :
650 2767 743 2817 nunc
760 2756 878 2817 autem
904 2756 939 2816 et
963 2765 1089 2817 nomen
1107 2745 1184 2838 pri-

191 2887 288 2938 mum
318 2865 547 2940 honorificum
578 2879 722 2963 putant3
757 2879 792 2940 et
823 2881 1009 2940 externum
1041 2869 1184 2961 signum

191 2989 297 3082 panni
319 2988 420 3060 rubei
446 2991 561 3064 medio
578 2991 682 3064 dorso
700 3014 720 3064 e
740 2993 830 3064 eollo
850 2991 1035 3086 pendentis
1054 2992 1184 3084 digno-

191 3109 346 3183 scendis
363 3115 511 3200 eunetis,
526 3115 623 3185 velut
635 3116 755 3190 Romae
772 3114 926 3198 Hebraei,
942 3115 1017 3186 sine
1035 3112 1178 3198 rubore,

192 3233 263 3306 imo
279 3233 503 3325 gloriabundi
520 3246 706 3325 ostentant,
727 3238 926 3310 encomium
943 3238 1111 3309 facientes
1125 3236 1184 3306 in-

67 3379 70 3388 ·
188 3353 332 3446 juriam,
348 3377 390 3428 ac
407 3357 618 3431 inornatum
633 3371 813 3433 vertentes
832 3360 969 3456 signum
983 3355 1179 3431 dedecoris.

77 3560 80 3572 y
192 3477 314 3571 Neque
342 3478 378 3550 id
408 3482 627 3554 mirabuntur
662 3483 787 3569 Latini,
818 3504 967 3578 quorum
999 3490 1184 3552 novatores

192 3602 327 3688 vident,
345 3604 601 3678 Protestcatiam
610 3609 684 3699 jam
696 3607 763 3680 sibi
779 3609 871 3704 ipsos
885 3619 1061 3688 ostentare
1076 3629 1180 3680 voca-

108 3792 111 3798 .
192 3725 327 3821 bulum,
360 3747 457 3820 aegre
486 3727 661 3822 quondam
693 3729 861 3802 auditum:
894 3729 1001 3800 veluti
1034 3730 1184 3822 primum

140 3891 142 3894 ·
192 3849 328 3922 obtusae
343 3871 462 3922 eorum
477 3853 683 3946 pervicaciae
693 3875 882 3932 ¹commune
897 3853 1179 3948 chirographum.

193 3969 409 4062 Rascolaicos,
428 3973 517 4047 sicut
532 3977 765 4048 Protestautes
788 3987 924 4048 nostros
941 3978 1118 4071 superbia,
1136 3977 1184 4050 ita
