3172 5130
617 625 804 688 -155-

413 903 634 974 irrnuuix
668 905 717 975 ix
738 905 795 999 (aa
824 927 902 1000 pag.
929 910 1000 1002 or).

276 1162 616 1256 «1Vetitatempora
647 1164 859 1256 nuptiarum,
875 1167 977 1255 juxta
1007 1170 1210 1266 canonicam
1340 1235 1342 1238 .

222 1285 359 1378 praxim
374 1285 405 1380 (a
431 1306 508 1356 can.
532 1286 585 1360 Lii
603 1285 759 1374 laodic,
780 1288 906 1380 piuribi
930 1290 1057 1382 injure
1077 1314 1154 1363 can.
1177 1300 1212 1363 et

220 1422 346 1501 graeco·
363 1405 618 1500 Nomooanone)
643 1409 758 1478 taliter
778 1411 928 1482 Rutheni
952 1416 1153 1501 observant,
1176 1428 1213 1486 ut

227 1552 291 1600 neo
319 1552 383 1624 pro
411 1533 606 1625 Imperante
632 1535 733 1606 Petro
763 1535 806 1626 li,
833 1557 937 1628 quem
970 1538 1210 1632 inexspectata

224 1680 328 1738 mors,
359 1670 481 1752 parato
516 1658 583 1729 sibi
610 1659 727 1743 thoro,
758 1681 849 1731 anno
896 1657 990 1734 4730
1023 1664 1086 1732 vix
1127 1663 1213 1732 inito

207 1782 349 1874 rapuit,
370 1779 639 1872 dispensabilem
667 1782 904 1878 cogitaverint
935 1784 1048 1874 legem
1077 1803 1211 1854 sacram

178 1951 188 1970 .
222 1905 271 1973 iiii
285 1902 412 1996 quibus
425 1922 563 1994 sponsae
571 1892 643 1994 jam
667 1901 804 1996 publice
820 1914 974 1997 spectata
997 1927 1074 1976 curn
1089 1903 1214 1976 throno

223 2046 350 2097 corona
365 2024 554 2095 stabilisset
564 2047 744 2119 supremos
760 2047 848 2116 quos
862 2025 896 2095 in
912 2025 999 2097 orbe
1018 2027 1128 2096 ilicet
1147 2026 1213 2094 lm·

224 2147 380 2241 parantis
408 2147 523 2218 animo
552 2149 768 2242 occupabant
798 2147 866 2241 jam
890 2149 1043 2242 gradus:
1065 2169 1214 2242 quaeque

223 2291 243 2340 e
276 2272 389 2364 capite
420 2271 522 2360 hujus
546 2271 601 2341 cui
626 2292 732 2364 supra
761 2271 950 2366 pendebat,
982 2272 1018 2341 in
1054 2271 1213 2362 ejusdem

223 2414 330 2464 sexus
350 2414 397 2463 ex
420 2393 592 2486 imperiali
605 2393 722 2487 stipite
748 2393 843 2464 aliud
865 2395 1021 2471 evolans,
1049 2391 1210 2482 integrae,

223 2515 285 2586 vix
318 2537 386 2586 non
418 2515 571 2586 viduatae
606 2516 697 2587 iilius
725 2537 863 2610 sponsae
898 2515 1013 2609 stirpi,
1046 2515 1212 2608 egestatis
1277 2543 1279 2548 ·

224 2635 374 2732 durique
392 2639 482 2708 exilii
497 2639 531 2708 in
547 2638 733 2722 Siberiam‚
753 2650 983 2732 extremaque
998 2637 1065 2708 atia
1084 2636 1213 2708 sentire

140 2740 144 2753 ¹
228 2765 307 2835 t'ecit
325 2764 542 2836 incommoda
560 2763 745 2859 (imperiali
761 2786 830 2835 non
858 2776 993 2836 tantum
1016 2764 1208 2845 voluntate,

223 2887 284 2959 sed
311 2899 345 2960 et
369 2887 565 2980 aequissima
587 2889 797 2982 Imperantis
827 2889 970 2973 trutina,
1002 2897 1038 2957 ut
1069 2885 1208 2970 dicitur,
1235 2877 1237 2884 ’

218 3011 312 3100 juste
334 3007 475 3081 decreta
490 3009 690 3104 sententia).

278 3164 292 3202 a
323 3133 582 3228 Superveniens
622 3132 842 3226 sponsalibus
876 3131 1042 3225 imperiali
1087 3153 1212 3224 pompa

223 3259 372 3354 peractis
398 3258 569 3348 jejunium
599 3265 679 3326 ante
702 3254 824 3325 Natale
842 3255 978 3326 Domini
1012 3247 1150 3346 nuptias
1168 3254 1212 3325 ad

225 3395 402 3476 peractum
423 3381 693 3476 Epiphaniarum
715 3381 839 3450 iestum
854 3377 1078 3470 complendas
1097 3378 1212 3486 distu-

226 3505 324 3598 ierat.
344 3506 402 3575 Eis
422 3502 641 3598 perficiendis
660 3503 708 3572 nil
721 3503 884 3573 omiserat
899 3501 988 3571 Aula
1005 3502 1214 3596 imperiique

228 3625 495 3720 magnificentia.
536 3626 623 3696 Noto
656 3621 825 3719 principis
850 3623 913 3691 vix
941 3621 1084 3715 puberis
1108 3627 1217 3696 amori

227 3751 315 3823 dura
332 3749 584 3822 ostendebatur
601 3748 776 3820 bimestris
807 3746 865 3815 iila
895 3744 1067 3817 ducendae
1096 3745 1218 3818 electae
1317 3725 1320 3732 ⁴

228 3895 366 3969 sponsae
387 3873 653 3964 dilatio.·Hujns
682 3893 703 3942 a
730 3868 895 3941 nationali
921 3866 1061 3938 subdita
1090 3867 1219 3938 familia

231 4018 299 4078 non
331 3996 582 4090 ignorabantur
613 3998 761 4068 fortunae
789 3990 1059 4075 vicissitudines¹
1094 3991 1221 4083 quibus
