3124 5126
764 619 929 681 ,73-

350 787 498 858 amicam
509 785 666 855 traduxit
680 785 715 855 in
733 785 904 870 Russiam,
916 807 1030 879 quam,
1042 786 1116 856 sive
1129 787 1211 879 quia
1225 791 1344 862 catho-

349 909 549 992 licam,sive
563 906 609 977 oh
622 905 890 999 ignobilitatem,
902 914 976 978 sive
990 908 1036 977 ob
1049 908 1218 978 motivum
1232 911 1346 997 aliud,

348 1033 440 1102 male
456 1033 629 1124 aspiciens
647 1031 716 1102 viri
730 1031 902 1123 cognatio,
924 1030 1113 1122 illiciteque
1130 1029 1270 1102 ductam
1285 1056 1343 1106 ac·

348 1177 487 1240 cusans,
505 1176 569 1225 nec
587 1175 732 1257 onorem
747 1176 825 1225 eam
842 1153 942 1227 lateri
956 1153 1150 1238 voluit,sed
1162 1155 1344 1249 despicere

347 1279 589 1352 concubinam.
617 1279 881 1372 segregandum
900 1301 976 1350 esse
994 1279 1150 1351 dicentes
1173 1283 1340 1370 batham,

348 1402 601 1496 approbatores
617 1402 772 1474 habuere
784 1403 935 1493 judices,
953 1403 1065 1474 nullas
1080 1424 1121 1475 ac
1140 1406 1256 1477 irritas
1272 1408 1342 1479 de-

347 1534 532 1594 cernentes
566 1527 834 1618 graeco-latinas
864 1524 927 1595 has
962 1525 1144 1616 ambiguas
1187 1530 1338 1623 nuptias.

346 1647 528 1716 Rationem
547 1648 637 1717 hanc
654 1647 786 1719 dedere
808 1677 815 1718 :
837 1647 999 1719 debuisse
1017 1669 1143 1737 nempe
1160 1651 1276 1722 virum
1303 1655 1341 1724 in
1398 1629 1400 1631 ’

346 1768 436 1836 facie
449 1789 525 1839 suae
545 1769 708 1841 Ecclesiae
721 1769 931 1856 celebrasse,
951 1771 1049 1861 cujus
1062 1780 1195 1842 tantum
1206 1773 1341 1862 judicio

344 1892 457 1960 fuerat
471 1893 608 1965 solutus
623 1914 643 1962 a
658 1895 770 1988 prima
785 1915 913 1977 uxore3
931 1893 1076 1963 minime
1092 1893 1128 1963 in
1142 1896 1210 1964 alia
1224 1897 1342 1967 Eccle-

342 2013 407 2096 sia,
428 2015 526 2105 quus
543 2037 647 2086 sensu
661 2017 811 2110 incapax
828 2016 985 2088 nubendi
998 2027 1100 2087 esset.
1122 2019 1280 2088 Recurrit
1293 2019 1340 2091 ad

347 2123 404 2208 me
433 2159 498 2232 pro
526 2140 653 2209 femina
681 2139 798 2232 (quam
824 2162 894 2210 non
921 2141 1017 2224 novi,
1045 2139 1195 2210 viderim
1213 2143 1279 2212 etsi
1302 2144 1338 2212 in

349 2261 479 2354 templo
507 2261 637 2354 nostro)
665 2261 858 2332 catholicus
884 2260 1043 2355 quidam,
1071 2272 1108 2331 ut
1135 2263 1276 2333 feminae
1302 2265 1339 2335 id

346 2383 536 2455 sciscitanti
555 2386 785 2476 consulerem.
816 2411 832 2452 ι
858 2384 1131 2476 Inconsequens,
1155 2388 1334 2480 respondi,

342 2508 501 2600 concipio
515 2509 754 2582 Ruthenorum
767 2509 958 2602 judicium;
979 2509 1039 2601 qui
1056 2507 1207 2579 liberum
1232 2521 1336 2584 antea

341 2629 386 2699 ah
404 2633 499 2700 omni
516 2631 657 2702 vinculo
683 2631 915 2702 decernentes
935 2631 1126 2732 hominem,
1156 2632 1335 2725 alligatum

339 2753 496 2824 secundo
519 2767 649 2848 negent
673 2755 938 2828 contrahentem
964 2776 1042 2826 cum
1070 2755 1182 2826 soluta
1201 2757 1333 2826 lamina

340 2878 604 2950 matrimonium
638 2905 651 2974 :¹
681 2879 739 2950 vel
771 2879 902 2950 atenim
942 2889 1085 2949 cunctos
1120 2879 1218 2950 irrite
1249 2902 1333 2951 »cum

338 2985 518 3072 catholicis
547 3000 667 3072 dicant
696 3000 843 3082 nubere,
871 3003 929 3072 vel
957 3003 1139 3094 alligatum
1169 3003 1263 3073 hanc
1290 3025 1334 3072 ne

340 3145 489 3194 uxorem
522 3135 678 3216 quaerat;
713 3124 969 3216 vel,=ejusdem
1005 3135 1223 3197 contractum
1268 3126 1334 3196 rite

338 3247 517 3318 exstitisse
533 3235 666 3339 negare
677 3270 749 3320 non
761 3259 916 3342 possunt.
931 3249 1001 3318 Nos
1015 3259 1131 3319 autem
1145 3249 1206 3340 qui
1220 3248 1334 3320 indis—

338 3369 486 3442 solubile
503 3371 763 3442 matrimonium
778 3370 1047 3441 christianorum
1067 3370 1230 3456 dicimus,
1243 3393 1333 3442 nun·

334 3513 441 3584 quam
474 3503 618 3587 nuptam
655 3493 761 3564 luisse
794 3493 959 3563 feminam
1004 3493 1095 3562 hanc
1139 3491 1331 3576 inferimus,

335 3613 511 3686 existente
528 3637 575 3686 ex
593 3625 693 3710 parte
710 3617 778 3686 viri
797 3614 1048 3710 impedimento
1065 3612 1255 3707 ligaminis,
1267 3633 1335 3683 nec

262 3808 264 3812 ,
335 3739 489 3830 potuisse
505 3761 582 3810 eam
601 3737 804 3811 cohabitare
824 3760 872 3810 ex
895 3760 967 3832 quo
986 3739 1090 3808 scivit
1107 3737 1228 3832 uivere
1256 3735 1332 3829 pri-

331 3855 1333 3955 mamviriuxorem;licetexignorantianonpeocaverit

326 3994 442 4070 antea,
474 3985 548 4056 sive
574 3988 736 4056 nesciens
763 4007 842 4056 eum
871 3995 1032 4078 nuptum,
1061 3983 1137 4054 sive
1166 3983 1332 4073 ignoraus
