3124 5126
603 681 783 744 -133-

200 855 346 952 synodo)
378 857 798 947 tauquamvschismatich
830 871 970 954 propter
1000 862 1087 932 alias
1112 881 1197 934 vero

200 981 383 1052 haereticas
399 981 571 1050 novitates
594 993 756 1074 tauquam
772 983 927 1054 haeretici
941 985 954 1074 j
961 1006 1021 1054 ure
1039 985 1195 1056 meritis-

198 1103 287 1174 simo
306 1103 465 1173 damnari
484 1111 668 1194 potueruut
680 1115 714 1173 et
734 1105 849 1174 adhuc
865 1105 909 1175 ab
926 1107 1080 1175 Ecclesia
1096 1107 1197 1176 dam·

201 1243 330 1297 uantur
352 1255 358 1296 :
380 1249 458 1306 cum
478 1249 546 1297 non
567 1228 680 1298 miuus
698 1229 841 1299 haeresis
856 1232 915 1314 sit,
933 1251 1015 1302 vera
1033 1231 1197 1320 dogmata

202 1355 354 1423 scienter
388 1364 421 1421 et
447 1352 669 1444 pertinaciter
696 1353 914 1444 impugnare,
946 1376 1049 1445 quam
1075 1354 1197 1424 eadem

205 1455 427 1548 advertentia
444 1475 529 1543 falsa
548 1475 744 1547 adstruere.
763 1502 778 1541 »

214 1599 216 1604 ’
252 1601 353 1684 Hinc,
371 1597 545 1690 explicato
558 1597 842 1668 hasiminicorum
856 1600 988 1683 errare,
1006 1601 1082 1692 plus
1099 1603 1200 1672 stoli-

200 1723 345 1795 ditatem
362 1721 517 1814 sapiente
535 1741 637 1810 quam
659 1721 834 1804 haeresim,
857 1723 1003 1814 plusque
1031 1746 1050 1792 a
1075 1727 1201 1796 mentis

203 1843 318 1936 iuopia
334 1826 413 1910 uat'o
425 1861 542 1933 quam,
558 1845 1103 1930 0100001000000110110010000,
1119 1868 1200 1914 000-

202 1976 270 2036 stat
288 1965 464 2036 Ruthenos
478 1979 513 2034 et
531 1963 672 2035 Graecos
689 1967 736 2034 011
754 1967 841 2034 maie
860 1967 904 2035 de
926 1969 1054 2043 Latinis
1073 1969 1105 2036 iu
1127 1970 1199 2037 for-

203 2083 329 2160 manda
343 2109 445 2157 cruce
461 2089 613 2171 sentire;
632 2090 764 2180 nilque,
788 2089 1008 2160 Rasholuicos
1021 2092 1086 2160 etsi
1104 2091 1202 2160 cohi-

203 2215 319 2297 beant,
348 2214 439 2282 circa
474 2210 613 2280 modum
644 2211 832 2282 adoraudae
863 2215 974 2282 crucis
1009 2215 1199 2298 resolvere,

202 2347 286 2420 etc,
324 2346 390 2403 etc.
427 2334 498 2402 Neo
530 2335 643 2402 miuus
674 2333 848 2402 seductori
874 2334 1015 2404 diaboto
1051 2335 1201 2406 obsecu-

203 2475 271 2532 tam
296 2459 455 2529 videmus
470 2457 524 2526 hic
541 2457 670 2548 ingenii
690 2456 952 2542 hebetudinem,
978 2483 1080 2552 quam
1112 2461 1203 2531 iuter

203 2605 267 2654 nos
284 2581 428 2651 aliorum
442 2579 705 2670 malignitatem.

253 2702 451 2774 Secundum
462 2701 677 2794 frequentius
688 2699 772 2770 mihi
782 2700 878 2769 iicuit
892 2701 1060 2772 Rutheuis
1077 2723 1203 2796 propo·

204 2849 290 2898 nere
317 2826 490 2898 dubium:
522 2845 629 2916 quare
662 2823 793 2892 scilicet
825 2822 890 2915 ipsi
915 2844 952 2892 se
990 2845 1093 2894 cruce
1131 2825 1203 2919 sig-

204 2959 361 3019 nantesa
380 2947 506 3019 dextro
524 2967 663 3017 manum
679 2945 848 3016 ducerent
865 2945 910 3015 ad
937 2941 1115 3016 sinistrum
1135 2945 1203 3017 hu-

205 3091 352 3154 merum,
369 3091 448 3139 cum
464 3067 575 3139 Latini
589 3089 608 3138 e
622 3077 741 3138 contra
755 3088 833 3136 eam
847 3065 1016 3138 ducamus
1029 3089 1049 3136 a
1063 3066 1203 3140 sinistro

205 3191 251 3261 ad
267 3189 499 3262 dextrumt...
531 3189 806 3260 Praenomiuatus
822 3187 1097 3258 archimandrita
1115 3187 1202 3258 Kro-

206 3315 254 3421 liir
283 3335 422 3384 omnem
458 3315 629 3384 rationem
666 3312 710 3382 ad
746 3331 845 3380 usum
873 3310 1029 3396 reduxit,
1060 3324 1097 3383 ut
1138 3331 1203 3382 nec

203 3437 419 3508 attendenda
452 3439 487 3508 iu
521 3439 589 3507 ritu
626 3432 889 3526 significationis
920 3433 1100 3524 indagine,
1123 3455 1201 3526 pro-

206 3535 320 3654 prium
339 3563 536 3633 sustineret.
558 3559 760 3642 «Quamvis,
780 3558 970 3650 rescripsit,
985 3577 1004 3624 a
1015 3555 1202 3650 primitivis

203 3685 405 3756 christianis
423 3685 535 3754 crucis
550 3685 688 3774 siguum
710 3703 779 3752 000
796 3683 895 3752 aliter
912 3691 1015 3772 quam
1032 3693 1199 3750 tesseram

205 3808 408 3880 christianae
433 3810 668 3902 professionis,
690 3809 772 3878 item
803 3803 1199 3890 ad'demoustraudum,

201 3931 302 4023 quod
318 3951 379 4002 eos
404 3931 643 4021 ignominiosae
662 3931 755 4022 apud
779 3929 928 4020 gentiles
946 3929 1060 3997 crucis
1083 3927 1202 3996 Salva-

208 4057 293 4128 toris
320 4058 373 4127 sui
405 4057 548 4127 minime
570 4055 733 4148 puderet,
763 4053 920 4148 usurpari
946 4067 1099 4145 coeptum
1127 4071 1205 4120 csse

1079 4185 1093 4234 t
