3172 5130
796 565 981 630 -188-

432 747 634 824 Concnusm
659 750 701 828 l.
722 753 829 846 Papa,
856 755 897 820 in
918 750 1182 839 spiritualibus,
1206 768 1276 818 non
1293 759 1375 840 eget

380 894 576 964 convocare
589 877 793 964 Ecclesiam,
811 887 846 948 ut
860 877 996 968 judicet
1012 874 1057 946 de
1073 870 1248 958 omnibus;
1267 871 1330 943 sed
1347 873 1378 944 εἰ

380 1000 549 1084 hocfecit,
565 1013 619 1075 εει
631 1003 742 1074 solum
752 1003 797 1075 ad
807 1001 1035 1094 judicandum
1046 997 1248 1072 solemnius.
1261 998 1373 1083 Ratio,

381 1125 464 1222 quia
480 1128 575 1199 solus
590 1128 721 1198 Petrus
734 1128 845 1200 lactus
858 1137 911 1199 εει
922 1133 1053 1215 postor
1065 1133 1101 1194 ει
1125 1131 1239 1215 caput.
1250 1177 1274 1190 ..
1295 1121 1378 1193 Dixi

383 1247 424 1316 in
437 1251 704 1336 spiritualibus,-
722 1248 863 1342 quiade
877 1246 1127 1342 temporalibus
1152 1241 1311 1346 (directe)
1328 1245 1379 1314 nil

352 1407 354 1411 -
383 1361 551 1434 stabilivit
571 1369 731 1442 Cilicius
749 1370 870 1442 diceus
886 1369 980 1462 (Luc.
998 1365 1087 1449 XII,
1112 1361 1186 1458 ll.)
1202 1387 1211 1434 ε
1225 1367 1307 1452 quir
1322 1383 1388 1450 me,

320 1519 323 1523 ·
384 1492 568 1558 constituit
571 1494 733 1577 judicem
743 1501 805 1564 oui
815 1496 1011 1564 divisorem
1019 1493 1118 1560 inter
1128 1495 1255 1562 vestet
1263 1483 1374 1574 (ioan.

384 1597 526 1686 XVIII,
545 1603 603 1692 36)
616 1632 622 1674 :
637 1607 800 1698 Repnum
814 1629 932 1678 meum
943 1626 1016 1676 nou
1030 1611 1083 1674 eet
1095 1608 1140 1676 du
1153 1608 1218 1678 boc
1231 1607 1378 1682 mundo·

386 1723 487 1796 Unde
505 1727 705 1821 temporalis
726 1727 925 1819 jurisdictio
942 1727 1058 1821 Papae,
1082 1727 1238 1816 aliunde,
1253 1727 1379 1819 etjure

386 1845 539 1919 humano
554 1849 750 1921 introducta
763 1849 995 1942 explicabitur
1010 1848 1159 1942 infralad
1172 1874 1232 1944 qu.
1244 1849 1302 1956 39)
1316 1846 1377 1945 (l).
1418 1895 1419 1903 ι

438 1971 641 2048 Concnusro
660 1973 699 2050 5.
720 1977 810 2068 Papa
828 1983 942 2068 potest
959 1973 1052 2044 solus
1065 1973 1226 2063 judicare
1245 1975 1290 2046 de
1307 1983 1382 2046 tota

387 2074 572 2168 Ecclesia:
593 2108 670 2168 tota
684 2108 800 2168 autem
827 2096 996 2179 Ecclesia,
1017 2096 1092 2168 sine
1116 2095 1206 2190 ipso,
1234 2117 1303 2168 non
1318 2115 1381 2190 po-

389 2227 457 2290 test
466 2219 626 2310 judicare
643 2219 687 2289 dc
705 2219 809 2311 Papa.
826 2217 926 2288 Ratio
939 2217 1063 2310 primae
1076 2217 1184 2310 pariis
1202 2230 1255 2290 εει
1271 2218 1380 2302 clara,

389 2343 470 2436 quia
484 2344 575 2415 solus
589 2354 641 2414 est
660 2354 773 2437 caput.
794 2341 955 2414 Secunda
979 2353 1032 2412 est
1046 2341 1192 2412 clarior:
1211 2342 1292 2436 quia
1305 2340 1382 2414 siue

390 2467 450 2540 illo
467 2480 604 2541 nonest
629 2491 755 2561 corpus
783 2468 960 2553 Ecclesiae,
980 2467 1070 2538 sicut
1088 2467 1164 2539 sine
1181 2468 1294 2561 capite
1311 2487 1382 2536 non

389 2599 442 2660 εει
463 2611 591 2685 corpus
613 2591 818 2676 humanum,
843 2590 906 2662 sed
937 2602 1078 2663 truncus
1103 2592 1231 2662 carnis.
1269 2596 1383 2680 Caput

387 2734 473 2805 ergo
492 2735 561 2784 non
586 2713 750 2787 subditur
779 2715 915 2808 corpori
931 2714 1080 2808 reliquo,
1095 2714 1158 2785 scd
1175 2719 1243 2786 soli
1255 2717 1339 2786 Deo.
1358 2741 1376 2782 ι)

431 2888 538 2972 (Eeho
556 2890 657 2974 fidei,
678 2898 769 2982 part.
793 2889 843 2974 Il,
861 2909 940 2982 pag.
961 2886 1002 2960 'll
1028 2899 1063 2960 ει
1079 2888 1184 2983 seu).

426 3135 463 3207 (1)
472 3137 631 3209 nequidem
645 3139 803 3210 explicetur
815 3138 877 3194 fuse
890 3139 920 3194 in
934 3139 1039 3210 duplici
1053 3139 1250 3196 dissertatione
1263 3153 1386 3210 querum

387 3227 466 3298 prior
485 3228 545 3298 agit
562 3227 595 3285 de
617 3227 849 3300 compatililitcte
861 3226 982 3286 dominii
1000 3227 1161 3302 temporalis
1179 3243 1241 3286 uun
1259 3241 1389 3301 supremo

384 3314 522 3387 sepimine
539 3315 689 3384 spirituali
702 3315 741 3388 (p.
761 3315 912 3383 157-165);
929 3318 1066 3388 posterior
1075 3333 1140 3371 vero
1153 3315 1187 3374 dc
1198 3315 1315 3389 eripies,
1325 3313 1389 3386 ju·

386 3401 454 3458 titio
462 3399 623 3458 etuiilitute
632 3401 754 3460 dominii
766 3401 927 3474 temporalis
936 3404 1042 3459 umori
1054 3398 1240 3477 pontiflcislp.
1252 3399 1384 3463 loo-187).

385 3487 538 3560 Utriusque
552 3489 724 3543 mentionem
737 3487 856 3544 fecimus
870 3506 955 3560 supro
965 3489 1006 3560 (p.
1023 3488 1098 3558 150).
1376 3489 1379 3496 ⁴
