3124 5126
563 630 722 693 -91-

147 804 287 880 taxant;
298 794 423 890 dequo
438 798 508 869 late
521 797 677 868 diximus
687 797 779 868 circa
791 793 1140 888 quaesttxxxvut.

145 917 321 1005 Secundo,
335 928 408 992 toto
421 931 580 1014 tempore
591 920 800 991 decurrente
813 942 832 990 a
843 922 931 992 festo
942 921 1144 993 Nativitatis

144 1043 282 1114 Domini
299 1043 345 1114 ad
372 1043 610 1138 Epiphaniam.
633 1045 763 1125 Tertio,
790 1044 1021 1116 hebdomadis
1047 1020 1143 1140 qua-

146 1175 226 1238 tuor
241 1167 386 1260 integris
407 1195 414 1236 :
436 1167 668 1239 antecedente
682 1177 717 1238 et
735 1178 969 1261 consequente
984 1167 1143 1242 Matiani-

145 1300 237 1357 tzam
248 1309 309 1359 seu
323 1291 634 1382 septuagesimam.
648 1289 783 1381 illisque
798 1290 980 1381 utriusque
996 1289 1143 1360 Pascha·
1258 1371 1260 1374 ,

145 1409 191 1482 tis
205 1409 491 1503 (Resurrectionis
506 1423 540 1483 ct
553 1413 801 1506 Pentecostes).
812 1412 942 1484 Gruncta
956 1412 1033 1482 baec
1048 1432 1142 1482 com-

122 1531 125 1538 ‘
145 1534 302 1604 munitet·
316 1555 434 1627 graeca
452 1546 543 1605 sunt.
559 1535 626 1620 Qui
641 1537 738 1629 plura
749 1536 845 1605 circa
856 1535 992 1625 jejunia
1006 1533 1143 1606 liutbe-

143 1676 269 1728 norum
285 1655 405 1748 legere
418 1658 548 1752 cupiat,
559 1658 679 1749 piures
690 1679 829 1750 quoque
845 1656 1085 1728 detractiones
1094 1656 1144 1728 eis

145 1777 415 1870 ascriptoribus
432 1779 601 1872 adjectae,
621 1801 641 1852 a
668 1781 796 1872 quibus
820 1778 963 1876 eosdem
982 1779 1142 1852 vindica·

145 1901 272 1985 verim,
291 1883 466 1994 integrum
481 1911 668 1974 tractatum
683 1901 1137 1996 circa-quaestLXXXVlii.
1214 1962 1218 1972 .

146 2019 264 2108 adeat,
281 2044 385 2117 quem
399 2024 456 2096 hio
476 2032 635 2114 repetere
652 2026 793 2118 longum
809 2034 900 2095 esset
915 2024 975 2119 (t).
1198 2000 1201 2009 ¹

549 2325 815 2338 *n—

504 2651 643 2726 CAPUT
669 2655 779 2725 xxti.

371 2898 466 3015 diruo
487 2939 635 3014 mortuos
664 2942 748 3016 fides
774 2942 933 3016 stritus.

197 3253 311 3324 Pietas
328 3251 569 3321 Ruthenorum
586 3247 621 3318 in
640 3254 796 3316 mortuos
823 3243 987 3334 injustea
1007 3243 1143 3314 Luthe-
1227 3339 1229 3344 Ι

148 3363 243 3436 ranis
272 3360 479 3444 damnatur3
512 3357 602 3428 sicut
636 3355 680 3425 ab
709 3351 841 3424 eisdem
877 3352 1145 3424 commendatur

147 3504 281 3578 negans
301 3481 540 3576 purgatorium
572 3479 649 3572 (neo
671 3487 742 3546 tam
773 3497 847 3546 rem
873 3489 978 3567 quum
1004 3473 1143 3565 nomen]

148 3609 250 3682 fides
272 3605 524 3678 [intensissime
542 3602 587 3675 de
602 3586 897 3693 utroquescripsi.
910 3598 1140 3690 circaquaest.

150 3731 274 3816 va1;
287 3725 381 3800 unde
396 3727 453 3797 hic
472 3747 580 3820 pauca
594 3724 745 3795 referam
759 3743 841 3816 quae
856 3721 928 3790 illic
943 3718 1142 3805 manifesto,

148 3864 185 3926 ut
202 3851 393 3948 approbem
419 3848 615 3922 orthodoxa
632 3859 668 3920 et
693 3865 841 3918 erronea
862 3839 1059 3936 reprobem.
1164 3874 1166 3878 v

186 4031 227 4104 (1)
241 3991 370 4104 ippum.
385 4027 451 4082 xu.
563 4113 566 4119 Α
