3148 5132
607 572 820 652 -eo-'

237 753 408 828 Manualia
439 752 596 840 tandem,
624 754 774 842 ritualia,
808 732 1026 848 euchologia,
1052 756 1185 828 formu-

192 873 292 960 laria‚
332 885 419 962 etc,
452 876 581 948 habent
610 877 762 950 Ruthem
792 875 837 949 ad
872 886 1182 967 sacramentorum,

193 1019 337 1092 precum
362 999 613 1086 communium,
632 998 934 1086 benedictionum,
957 1001 1185 1073 caeremouia·

193 1145 285 1208 rum,
303 1124 486 1218 cultusque
503 1125 593 1196 sacri
609 1125 747 1219 publica
767 1123 953 1208 exercitia3
973 1145 1118 1219 quorum
1138 1127 1186 1198 li-

193 1244 337 1316 brorum
354 1247 512 1319 notitiam
525 1249 641 1320 nullus
658 1247 811 1340 inquirat
825 1247 975 1332 Latinus,
991 1249 1052 1342 qui
1069 1269 1185 1320 nove-

192 1367 241 1437 uit
254 1367 406 1457 eosdem,
422 1370 549 1464 quibus
565 1369 610 1442 ad
628 1369 734 1442 ritum
751 1391 889 1441 sacrum
904 1369 1014 1442 utitur
1027 1369 1180 1443 Graeous,

563 1889 702 1958 caton
729 1887 825 1956 vm.

395 2187 538 2282 'lempna
555 2151 667 2266 cultus
696 2187 786 2261 seori
804 2189 974 2264 solennis.

240 2478 382 2550 Sacrum
413 2477 474 2548 Dei
504 2471 649 2565 cultum,
684 2479 880 2552 insinuatus
909 2475 1083 2574 siquidem
1112 2487 1180 2565 est,

189 2598 227 2668 in
245 2608 315 2668 tres
332 2597 489 2692 quotidie
507 2609 624 2693 partes
636 2599 876 2686 distributum,
887 2599 985 2672 horis
999 2600 1071 2672 suis
1084 2619 1183 2670 com-

190 2719 286 2815 plent
303 2721 467 2796 Rutheni.
490 2721 527 2792 ln
544 2724 773 2808 monasteriis,
796 2721 1043 2794 indefectibilis
1060 2721 1185 2816 incipit

190 2844 307 2916 media
324 2855 427 2916 nocte
442 2847 575 2940 primus
592 2848 627 2920 in
644 2847 827 2921 ecclesiam
847 2867 946 2918 sacer
973 2857 1179 2940 cenventus.

192 2967 271 3038 Alia
313 2967 444 3062 templa
488 2967 610 3041 horam
651 2968 923 3041 commodiorem
971 2966 1186 3062 perficiendo

189 3110 314 3162 somno
329 3100 547 3186 exspectant,
565 3090 627 3164 sed
644 3091 886 3163 antelucanam
900 3089 1049 3183 eligunt,
1066 3108 1184 3181 qnan-

188 3222 266 3283 tum
301 3213 470 3306 permittit
501 3223 697 3308 temporum
726 3211 847 3285 series.
880 3209 1038 3281 Officium
1073 3207 1182 3295 istud,

189 3335 373 3408 ruthenico
383 3332 658 3421 Outrenio,idem
667 3347 720 3408 est
728 3331 926 3407 Divinarum
937 3329 1081 3415 uadum,
1089 3331 1185 3425 quod

190 3459 284 3531 notis
305 3459 451 3550 adjectis
466 3481 487 3532 e
505 3482 621 3556 graeco
635 3459 739 3532 uertit
752 3457 910 3530 Goarius.
928 3453 1185 3548 Correspoudet

190 3583 370 3656 matutinis
390 3584 568 3678 precibus,
589 3582 772 3671 laudibus,
791 3581 1042 3677 martyrologio
1056 3588 1091 3649 et
1111 3576 1186 3670 pri-

191 3729 261 3780 mae
275 3707 590 3804 caeterisquehoris
614 3707 758 3792 diurnis,
779 3716 908 3802 praeter
922 3707 1102 3799 vesperas,
1125 3701 1185 3773 Ol-

191 3829 263 3902 lioii
279 3832 388 3904 nostri
402 3831 647 3906 romani:unde
660 3853 741 3928 pars
758 3830 877 3926 aliqua
893 3829 996 3928 hujus
1019 3824 1185 3901 Ootreniae

193 3965 340 4028 vocatur
363 3951 508 4027 telasnile
530 3955 647 4050 (idest
673 3951 896 4050 loroloqiom).
923 3953 1009 4040 lmo‚
1036 3952 1125 4026 sicut
1148 3967 1184 4024 et
