<?xml version="1.0" encoding="UTF-8"?>
<!DOCTYPE html PUBLIC "-//W3C//DTD XHTML 1.0 Transitional//EN"
    "http://www.w3.org/TR/xhtml1/DTD/xhtml1-transitional.dtd">
<html xmlns="http://www.w3.org/1999/xhtml" xml:lang="en" lang="en">
 <head>
  <title>
</title>
<meta http-equiv="Content-Type" content="text/html;charset=utf-8" />
  <meta name='ocr-system' content='tesseract 3.04.00' />
  <meta name='ocr-capabilities' content='ocr_page ocr_carea ocr_par ocr_line ocrx_word'/>
</head>
<body>
  <div class='ocr_page' id='page_1' title='image "./brevisenarratio00ribegoog/brevisenarratio00ribegoog_0127.png"; bbox 0 0 3124 5126; ppageno 0'>
   <div class='ocr_carea' id='block_1_1' title="bbox 805 693 971 756">
    <p class='ocr_par' dir='ltr' id='par_1_1' title="bbox 805 693 971 756">
     <span class='ocr_line' id='line_1_1' title="bbox 805 693 971 756; baseline 0.006 -17"><span class='ocrx_word' id='word_1_1' title='bbox 805 693 971 756; x_wconf 75' lang='grc'><strong>-88-</strong></span> 
     </span>
    </p>
   </div>
   <div class='ocr_carea' id='block_1_2' title="bbox 320 859 1447 4148">
    <p class='ocr_par' dir='ltr' id='par_1_2' title="bbox 320 859 1447 4148">
     <span class='ocr_line' id='line_1_2' title="bbox 389 859 1379 952; baseline 0 -21"><span class='ocrx_word' id='word_1_2' title='bbox 389 883 544 944; x_wconf 90' lang='lat' dir='ltr'><strong>romana,</strong></span> <span class='ocrx_word' id='word_1_3' title='bbox 572 869 795 931; x_wconf 79' lang='lat' dir='ltr'><strong>numerantes</strong></span> <span class='ocrx_word' id='word_1_4' title='bbox 821 859 970 930; x_wconf 89' lang='lat' dir='ltr'><strong>solarem</strong></span> <span class='ocrx_word' id='word_1_5' title='bbox 992 880 1119 929; x_wconf 89' lang='lat' dir='ltr'><strong>annum</strong></span> <span class='ocrx_word' id='word_1_6' title='bbox 1145 859 1237 952; x_wconf 79' lang='lat' dir='ltr'><strong>stylo</strong></span> <span class='ocrx_word' id='word_1_7' title='bbox 1251 861 1379 948; x_wconf 84' lang='lat' dir='ltr'><strong>veteri,</strong></span> 
     </span>
     <span class='ocr_line' id='line_1_3' title="bbox 388 980 1381 1077; baseline 0 -21"><span class='ocrx_word' id='word_1_8' title='bbox 388 984 553 1056; x_wconf 85' lang='lat' dir='ltr'><strong>differunt</strong></span> <span class='ocrx_word' id='word_1_9' title='bbox 571 983 673 1077; x_wconf 86' lang='lat' dir='ltr'><strong>(sicut</strong></span> <span class='ocrx_word' id='word_1_10' title='bbox 690 982 813 1075; x_wconf 83' lang='lat' dir='ltr'><strong>Graeci)</strong></span> <span class='ocrx_word' id='word_1_11' title='bbox 833 982 962 1053; x_wconf 86' lang='lat' dir='ltr'>Pascha</span> <span class='ocrx_word' id='word_1_12' title='bbox 979 980 1023 1051; x_wconf 91' lang='lat' dir='ltr'><strong>ad</strong></span> <span class='ocrx_word' id='word_1_13' title='bbox 1049 981 1278 1074; x_wconf 84' lang='lat' dir='ltr'>plenilunium</span> <span class='ocrx_word' id='word_1_14' title='bbox 1299 985 1381 1056; x_wconf 88' lang='lat' dir='ltr'><strong>sub·</strong></span> 
     </span>
     <span class='ocr_line' id='line_1_4' title="bbox 388 1101 1382 1199; baseline 0.001 -23"><span class='ocrx_word' id='word_1_15' title='bbox 388 1127 538 1199; x_wconf 91' lang='lat' dir='ltr'><strong>sequens</strong></span> <span class='ocrx_word' id='word_1_16' title='bbox 556 1115 729 1190; x_wconf 92' lang='lat' dir='ltr'><strong>nostrum,</strong></span> <span class='ocrx_word' id='word_1_17' title='bbox 748 1103 883 1196; x_wconf 92' lang='lat' dir='ltr'><strong>quoties</strong></span> <span class='ocrx_word' id='word_1_18' title='bbox 910 1101 1004 1173; x_wconf 89' lang='lat' dir='ltr'><strong>istud</strong></span> <span class='ocrx_word' id='word_1_19' title='bbox 1034 1103 1152 1173; x_wconf 91' lang='lat' dir='ltr'><strong>evenit</strong></span> <span class='ocrx_word' id='word_1_20' title='bbox 1177 1113 1260 1174; x_wconf 88' lang='lat' dir='ltr'><strong>ante</strong></span> <span class='ocrx_word' id='word_1_21' title='bbox 1288 1105 1382 1177; x_wconf 93' lang='lat' dir='ltr'><strong>diem</strong></span> 
     </span>
     <span class='ocr_line' id='line_1_5' title="bbox 388 1226 1382 1322; baseline 0.002 -24"><span class='ocrx_word' id='word_1_22' title='bbox 388 1229 490 1310; x_wconf 85' lang='lat' dir='ltr'><strong>nohis</strong></span> <span class='ocrx_word' id='word_1_23' title='bbox 508 1231 521 1298; x_wconf 88' lang='lat' dir='ltr'><strong>l</strong></span> <span class='ocrx_word' id='word_1_24' title='bbox 546 1227 680 1322; x_wconf 81' lang='lat' dir='ltr'><strong>aprilis,</strong></span> <span class='ocrx_word' id='word_1_25' title='bbox 696 1248 764 1320; x_wconf 89' lang='lat' dir='ltr'><strong>qua</strong></span> <span class='ocrx_word' id='word_1_26' title='bbox 779 1227 843 1320; x_wconf 90' lang='lat' dir='ltr'><strong>ipsi</strong></span> <span class='ocrx_word' id='word_1_27' title='bbox 859 1233 1082 1296; x_wconf 79' lang='lat' dir='ltr'><strong>numerantes</strong></span> <span class='ocrx_word' id='word_1_28' title='bbox 1100 1227 1141 1298; x_wconf 75' lang='lat' dir='ltr'><strong>at</strong></span> <span class='ocrx_word' id='word_1_29' title='bbox 1164 1226 1292 1313; x_wconf 91' lang='lat' dir='ltr'><strong>martii,</strong></span> <span class='ocrx_word' id='word_1_30' title='bbox 1311 1237 1382 1300; x_wconf 91' lang='lat' dir='ltr'><strong>sta-</strong></span> 
     </span>
     <span class='ocr_line' id='line_1_6' title="bbox 389 1347 1383 1442; baseline 0.002 -22"><span class='ocrx_word' id='word_1_31' title='bbox 389 1361 489 1421; x_wconf 90' lang='lat' dir='ltr'><strong>tuunt</strong></span> <span class='ocrx_word' id='word_1_32' title='bbox 507 1349 760 1442; x_wconf 83' lang='lat' dir='ltr'><strong>aequinoxium.</strong></span> <span class='ocrx_word' id='word_1_33' title='bbox 783 1351 825 1419; x_wconf 89' lang='lat' dir='ltr'><strong>Et</strong></span> <span class='ocrx_word' id='word_1_34' title='bbox 842 1348 922 1419; x_wconf 93' lang='lat' dir='ltr'><strong>huic</strong></span> <span class='ocrx_word' id='word_1_35' title='bbox 936 1358 1132 1442; x_wconf 91' lang='lat' dir='ltr'><strong>temporum</strong></span> <span class='ocrx_word' id='word_1_36' title='bbox 1146 1347 1383 1422; x_wconf 75' lang='lat' dir='ltr'><strong>distributioni</strong></span> 
     </span>
     <span class='ocr_line' id='line_1_7' title="bbox 388 1470 1383 1557; baseline 0.002 -16"><span class='ocrx_word' id='word_1_37' title='bbox 388 1473 615 1543; x_wconf 86' lang='lat' dir='ltr'><strong>convenimus</strong></span> <span class='ocrx_word' id='word_1_38' title='bbox 643 1472 818 1556; x_wconf 84' lang='lat' dir='ltr'><strong>catholici,</strong></span> <span class='ocrx_word' id='word_1_39' title='bbox 850 1470 933 1542; x_wconf 93' lang='lat' dir='ltr'><strong>dum</strong></span> <span class='ocrx_word' id='word_1_40' title='bbox 964 1471 1036 1541; x_wconf 91' lang='lat' dir='ltr'><strong>illic</strong></span> <span class='ocrx_word' id='word_1_41' title='bbox 1067 1491 1257 1557; x_wconf 89' lang='lat' dir='ltr'><strong>moramur,</strong></span> <span class='ocrx_word' id='word_1_42' title='bbox 1290 1473 1383 1544; x_wconf 92' lang='lat' dir='ltr'><strong>cele-</strong></span> 
     </span>
     <span class='ocr_line' id='line_1_8' title="bbox 388 1591 1381 1686; baseline 0.002 -22"><span class='ocrx_word' id='word_1_43' title='bbox 388 1594 530 1664; x_wconf 88' lang='lat' dir='ltr'><strong>brantes</strong></span> <span class='ocrx_word' id='word_1_44' title='bbox 546 1592 675 1665; x_wconf 82' lang='lat' dir='ltr'><strong>Pascha</strong></span> <span class='ocrx_word' id='word_1_45' title='bbox 691 1615 770 1663; x_wconf 92' lang='lat' dir='ltr'><strong>cum</strong></span> <span class='ocrx_word' id='word_1_46' title='bbox 788 1591 957 1664; x_wconf 87' lang='lat' dir='ltr'><strong>Ruthenis</strong></span> <span class='ocrx_word' id='word_1_47' title='bbox 975 1602 1010 1663; x_wconf 91' lang='lat' dir='ltr'><strong>et</strong></span> <span class='ocrx_word' id='word_1_48' title='bbox 1023 1592 1166 1663; x_wconf 84' lang='lat' dir='ltr'><strong>Graecis</strong></span> <span class='ocrx_word' id='word_1_49' title='bbox 1191 1591 1228 1662; x_wconf 92' lang='lat' dir='ltr'><strong>ln</strong></span> <span class='ocrx_word' id='word_1_50' title='bbox 1245 1593 1313 1664; x_wconf 93' lang='lat' dir='ltr'><strong>hoc</strong></span> <span class='ocrx_word' id='word_1_51' title='bbox 1326 1595 1381 1686; x_wconf 84' lang='lat' dir='ltr'><strong>je·</strong></span> 
     </span>
     <span class='ocr_line' id='line_1_9' title="bbox 388 1714 1379 1808; baseline 0.003 -22"><span class='ocrx_word' id='word_1_52' title='bbox 388 1716 486 1808; x_wconf 83' lang='lat' dir='ltr'><strong>junio</strong></span> <span class='ocrx_word' id='word_1_53' title='bbox 502 1717 673 1802; x_wconf 83' lang='lat' dir='ltr'><strong>maximo,</strong></span> <span class='ocrx_word' id='word_1_54' title='bbox 694 1714 739 1786; x_wconf 92' lang='lat' dir='ltr'><strong>ad</strong></span> <span class='ocrx_word' id='word_1_55' title='bbox 761 1737 859 1786; x_wconf 90' lang='lat' dir='ltr'><strong>esum</strong></span> <span class='ocrx_word' id='word_1_56' title='bbox 879 1724 1013 1786; x_wconf 89' lang='lat' dir='ltr'><strong>tantum</strong></span> <span class='ocrx_word' id='word_1_57' title='bbox 1034 1714 1089 1784; x_wconf 94' lang='lat' dir='ltr'><strong>his</strong></span> <span class='ocrx_word' id='word_1_58' title='bbox 1107 1715 1214 1785; x_wconf 91' lang='lat' dir='ltr'><strong>licent</strong></span> <span class='ocrx_word' id='word_1_59' title='bbox 1232 1717 1379 1804; x_wconf 84' lang='lat' dir='ltr'><strong>fructus,</strong></span> 
     </span>
     <span class='ocr_line' id='line_1_10' title="bbox 395 1835 1383 1930; baseline 0 -22"><span class='ocrx_word' id='word_1_60' title='bbox 395 1839 542 1923; x_wconf 89' lang='lat' dir='ltr'><strong>radices,</strong></span> <span class='ocrx_word' id='word_1_61' title='bbox 556 1839 665 1924; x_wconf 91' lang='lat' dir='ltr'><strong>olera,</strong></span> <span class='ocrx_word' id='word_1_62' title='bbox 679 1836 870 1930; x_wconf 80' lang='lat' dir='ltr'><strong>legumina,</strong></span> <span class='ocrx_word' id='word_1_63' title='bbox 884 1857 961 1908; x_wconf 91' lang='lat' dir='ltr'><strong>cum</strong></span> <span class='ocrx_word' id='word_1_64' title='bbox 977 1835 1123 1930; x_wconf 86' lang='lat' dir='ltr'><strong>piscium</strong></span> <span class='ocrx_word' id='word_1_65' title='bbox 1141 1837 1228 1921; x_wconf 89' lang='lat' dir='ltr'><strong>ovis,</strong></span> <span class='ocrx_word' id='word_1_66' title='bbox 1242 1839 1383 1909; x_wconf 88' lang='lat' dir='ltr'><strong>intesti-</strong></span> 
     </span>
     <span class='ocr_line' id='line_1_11' title="bbox 389 1961 1429 2049; baseline -0.001 -16"><span class='ocrx_word' id='word_1_67' title='bbox 389 1964 458 2048; x_wconf 91' lang='lat' dir='ltr'><strong>nis,</strong></span> <span class='ocrx_word' id='word_1_68' title='bbox 478 1964 613 2049; x_wconf 77' lang='lat' dir='ltr'><strong>nerviS,</strong></span> <span class='ocrx_word' id='word_1_69' title='bbox 630 1963 819 2046; x_wconf 86' lang='lat' dir='ltr'><strong>intestinis,</strong></span> <span class='ocrx_word' id='word_1_70' title='bbox 833 1962 982 2046; x_wconf 75' lang='lat' dir='ltr'><strong>cancriS,</strong></span> <span class='ocrx_word' id='word_1_71' title='bbox 996 1961 1199 2046; x_wconf 89' lang='lat' dir='ltr'><strong>conchiliis;</strong></span> <span class='ocrx_word' id='word_1_72' title='bbox 1219 1963 1316 2034; x_wconf 94' lang='lat' dir='ltr'><strong>nullu</strong></span> <span class='ocrx_word' id='word_1_73' title='bbox 1329 1965 1382 2034; x_wconf 93' lang='lat' dir='ltr'><strong>eis</strong></span> <span class='ocrx_word' id='word_1_74' title='bbox 1427 2027 1429 2032; x_wconf 89' lang='lat'><em>.</em></span> 
     </span>
     <span class='ocr_line' id='line_1_12' title="bbox 388 2085 1382 2182; baseline -0.002 -24"><span class='ocrx_word' id='word_1_75' title='bbox 388 2088 557 2182; x_wconf 85' lang='lat' dir='ltr'><strong>permisso</strong></span> <span class='ocrx_word' id='word_1_76' title='bbox 574 2088 668 2182; x_wconf 91' lang='lat' dir='ltr'><strong>pisce</strong></span> <span class='ocrx_word' id='word_1_77' title='bbox 686 2089 841 2180; x_wconf 87' lang='lat' dir='ltr'><strong>perlecto</strong></span> <span class='ocrx_word' id='word_1_78' title='bbox 859 2106 962 2178; x_wconf 92' lang='lat' dir='ltr'><strong>quem</strong></span> <span class='ocrx_word' id='word_1_79' title='bbox 980 2085 1108 2155; x_wconf 86' lang='lat' dir='ltr'><strong>animet</strong></span> <span class='ocrx_word' id='word_1_80' title='bbox 1122 2086 1263 2177; x_wconf 77' lang='lat' dir='ltr'><strong>sanguis</strong></span> <span class='ocrx_word' id='word_1_81' title='bbox 1280 2085 1382 2178; x_wconf 77' lang='lat' dir='ltr'><strong>(prae-</strong></span> 
     </span>
     <span class='ocr_line' id='line_1_13' title="bbox 388 2206 1383 2303; baseline -0.002 -23"><span class='ocrx_word' id='word_1_82' title='bbox 388 2220 548 2303; x_wconf 87' lang='lat' dir='ltr'><strong>terquam</strong></span> <span class='ocrx_word' id='word_1_83' title='bbox 563 2209 719 2280; x_wconf 89' lang='lat' dir='ltr'><strong>sabbatis</strong></span> <span class='ocrx_word' id='word_1_84' title='bbox 733 2221 769 2278; x_wconf 85' lang='lat' dir='ltr'><strong>et</strong></span> <span class='ocrx_word' id='word_1_85' title='bbox 786 2207 985 2293; x_wconf 81' lang='lat' dir='ltr'><strong>dominicis,</strong></span> <span class='ocrx_word' id='word_1_86' title='bbox 1002 2207 1036 2275; x_wconf 91' lang='lat' dir='ltr'><strong>in</strong></span> <span class='ocrx_word' id='word_1_87' title='bbox 1059 2206 1190 2300; x_wconf 90' lang='lat' dir='ltr'><strong>quibus</strong></span> <span class='ocrx_word' id='word_1_88' title='bbox 1208 2208 1383 2299; x_wconf 89' lang='lat' dir='ltr'><strong>jejunium</strong></span> 
     </span>
     <span class='ocr_line' id='line_1_14' title="bbox 387 2328 1382 2426; baseline -0.003 -22"><span class='ocrx_word' id='word_1_89' title='bbox 387 2355 467 2404; x_wconf 92' lang='lat' dir='ltr'><strong>cum</strong></span> <span class='ocrx_word' id='word_1_90' title='bbox 480 2333 561 2403; x_wconf 88' lang='lat' dir='ltr'><strong>solis</strong></span> <span class='ocrx_word' id='word_1_91' title='bbox 576 2333 728 2426; x_wconf 90' lang='lat' dir='ltr'><strong>piscibus</strong></span> <span class='ocrx_word' id='word_1_92' title='bbox 746 2329 1014 2421; x_wconf 80' lang='lat' dir='ltr'><strong>intermittitur);</strong></span> <span class='ocrx_word' id='word_1_93' title='bbox 1031 2350 1097 2400; x_wconf 89' lang='lat' dir='ltr'><strong>nec</strong></span> <span class='ocrx_word' id='word_1_94' title='bbox 1112 2328 1296 2400; x_wconf 87' lang='lat' dir='ltr'><strong>conditura</strong></span> <span class='ocrx_word' id='word_1_95' title='bbox 1313 2331 1382 2401; x_wconf 92' lang='lat' dir='ltr'><strong>alia</strong></span> 
     </span>
     <span class='ocr_line' id='line_1_15' title="bbox 387 2453 1382 2550; baseline -0.002 -22"><span class='ocrx_word' id='word_1_96' title='bbox 387 2477 491 2550; x_wconf 93' lang='lat' dir='ltr'><strong>quam</strong></span> <span class='ocrx_word' id='word_1_97' title='bbox 519 2458 611 2544; x_wconf 91' lang='lat' dir='ltr'><strong>oleo,</strong></span> <span class='ocrx_word' id='word_1_98' title='bbox 641 2478 660 2527; x_wconf 89' lang='lat' dir='ltr'><strong>a</strong></span> <span class='ocrx_word' id='word_1_99' title='bbox 691 2456 774 2527; x_wconf 91' lang='lat' dir='ltr'><strong>solis</strong></span> <span class='ocrx_word' id='word_1_100' title='bbox 800 2454 971 2526; x_wconf 83' lang='lat' dir='ltr'><strong>divitibus</strong></span> <span class='ocrx_word' id='word_1_101' title='bbox 999 2473 1046 2523; x_wconf 85' lang='lat' dir='ltr'><strong>ex</strong></span> <span class='ocrx_word' id='word_1_102' title='bbox 1073 2453 1175 2524; x_wconf 85' lang='lat' dir='ltr'><strong>olivis</strong></span> <span class='ocrx_word' id='word_1_103' title='bbox 1200 2453 1382 2526; x_wconf 90' lang='lat' dir='ltr'><strong>carissime</strong></span> 
     </span>
     <span class='ocr_line' id='line_1_16' title="bbox 386 2569 1377 2674; baseline -0.005 -23"><span class='ocrx_word' id='word_1_104' title='bbox 386 2579 550 2664; x_wconf 84' lang='lat' dir='ltr'><strong>amende,</strong></span> <span class='ocrx_word' id='word_1_105' title='bbox 566 2599 630 2674; x_wconf 91' lang='lat' dir='ltr'><strong>pro</strong></span> <span class='ocrx_word' id='word_1_106' title='bbox 644 2579 747 2672; x_wconf 85' lang='lat' dir='ltr'><strong>plebe</strong></span> <span class='ocrx_word' id='word_1_107' title='bbox 763 2577 896 2669; x_wconf 91' lang='lat' dir='ltr'><strong>reliqua</strong></span> <span class='ocrx_word' id='word_1_108' title='bbox 910 2597 956 2646; x_wconf 85' lang='lat' dir='ltr'><strong>ex</strong></span> <span class='ocrx_word' id='word_1_109' title='bbox 969 2575 1033 2646; x_wconf 93' lang='lat' dir='ltr'><strong>lini</strong></span> <span class='ocrx_word' id='word_1_110' title='bbox 1045 2569 1178 2647; x_wconf 85' lang='lat' dir='ltr'><strong>s&#39;emine</strong></span> <span class='ocrx_word' id='word_1_111' title='bbox 1192 2595 1377 2668; x_wconf 86' lang='lat' dir='ltr'><strong>expresso.</strong></span> 
     </span>
     <span class='ocr_line' id='line_1_17' title="bbox 387 2698 1382 2791; baseline 0 -19"><span class='ocrx_word' id='word_1_112' title='bbox 387 2702 504 2773; x_wconf 90' lang='lat' dir='ltr'><strong>Prima</strong></span> <span class='ocrx_word' id='word_1_113' title='bbox 518 2713 554 2774; x_wconf 88' lang='lat' dir='ltr'><strong>et</strong></span> <span class='ocrx_word' id='word_1_114' title='bbox 568 2702 690 2772; x_wconf 89' lang='lat' dir='ltr'><strong>ultima</strong></span> <span class='ocrx_word' id='word_1_115' title='bbox 705 2699 927 2772; x_wconf 91' lang='lat' dir='ltr'><strong>hebdomada</strong></span> <span class='ocrx_word' id='word_1_116' title='bbox 948 2698 1097 2791; x_wconf 83' lang='lat' dir='ltr'><strong>rigidius</strong></span> <span class='ocrx_word' id='word_1_117' title='bbox 1119 2698 1308 2784; x_wconf 87' lang='lat' dir='ltr'><strong>abstinent,</strong></span> <span class='ocrx_word' id='word_1_118' title='bbox 1323 2720 1382 2772; x_wconf 53' lang='lat' dir='ltr'><strong>res</strong></span> 
     </span>
     <span class='ocr_line' id='line_1_18' title="bbox 388 2825 1382 2918; baseline -0.001 -22"><span class='ocrx_word' id='word_1_119' title='bbox 388 2825 545 2898; x_wconf 84' lang='lat' dir='ltr'><strong>ficiendis</strong></span> <span class='ocrx_word' id='word_1_120' title='bbox 559 2827 594 2897; x_wconf 95' lang='lat' dir='ltr'><strong>in</strong></span> <span class='ocrx_word' id='word_1_121' title='bbox 607 2848 662 2914; x_wconf 87' lang='lat' dir='ltr'><strong>ea,</strong></span> <span class='ocrx_word' id='word_1_122' title='bbox 678 2827 734 2897; x_wconf 92' lang='lat' dir='ltr'><strong>bis</strong></span> <span class='ocrx_word' id='word_1_123' title='bbox 747 2837 805 2896; x_wconf 89' lang='lat' dir='ltr'><strong>aut</strong></span> <span class='ocrx_word' id='word_1_124' title='bbox 820 2836 873 2896; x_wconf 90' lang='lat' dir='ltr'><strong>ter</strong></span> <span class='ocrx_word' id='word_1_125' title='bbox 887 2836 1032 2906; x_wconf 89' lang='lat' dir='ltr'><strong>tantum,</strong></span> <span class='ocrx_word' id='word_1_126' title='bbox 1051 2845 1119 2896; x_wconf 92' lang='lat' dir='ltr'><strong>non</strong></span> <span class='ocrx_word' id='word_1_127' title='bbox 1135 2825 1272 2918; x_wconf 90' lang='lat' dir='ltr'><strong>paucis;</strong></span> <span class='ocrx_word' id='word_1_128' title='bbox 1291 2825 1382 2897; x_wconf 89' lang='lat' dir='ltr'><strong>sicut</strong></span> 
     </span>
     <span class='ocr_line' id='line_1_19' title="bbox 387 2949 1377 3042; baseline 0.002 -21"><span class='ocrx_word' id='word_1_129' title='bbox 387 2952 574 3023; x_wconf 89' lang='lat' dir='ltr'><strong>nonnullos</strong></span> <span class='ocrx_word' id='word_1_130' title='bbox 603 2953 653 3020; x_wconf 91' lang='lat' dir='ltr'><strong>sic</strong></span> <span class='ocrx_word' id='word_1_131' title='bbox 679 2951 857 3020; x_wconf 89' lang='lat' dir='ltr'><strong>abstinere</strong></span> <span class='ocrx_word' id='word_1_132' title='bbox 888 2949 923 3018; x_wconf 94' lang='lat' dir='ltr'><strong>in</strong></span> <span class='ocrx_word' id='word_1_133' title='bbox 950 2949 1107 3042; x_wconf 89' lang='lat' dir='ltr'><strong>quinque</strong></span> <span class='ocrx_word' id='word_1_134' title='bbox 1136 2949 1262 3040; x_wconf 86' lang='lat' dir='ltr'><strong>mediis</strong></span> <span class='ocrx_word' id='word_1_135' title='bbox 1290 2951 1377 3023; x_wconf 86' lang='lat' dir='ltr'><strong>vidi.</strong></span> 
     </span>
     <span class='ocr_line' id='line_1_20' title="bbox 387 3070 1381 3165; baseline -0.001 -20"><span class='ocrx_word' id='word_1_136' title='bbox 387 3076 609 3145; x_wconf 86' lang='lat' dir='ltr'><strong>Macerantur</strong></span> <span class='ocrx_word' id='word_1_137' title='bbox 625 3074 744 3165; x_wconf 89' lang='lat' dir='ltr'><strong>itaque</strong></span> <span class='ocrx_word' id='word_1_138' title='bbox 762 3071 879 3142; x_wconf 90' lang='lat' dir='ltr'><strong>inedia</strong></span> <span class='ocrx_word' id='word_1_139' title='bbox 893 3071 1116 3164; x_wconf 82' lang='lat' dir='ltr'><strong>rigidissime,</strong></span> <span class='ocrx_word' id='word_1_140' title='bbox 1135 3070 1183 3143; x_wconf 86' lang='lat' dir='ltr'><strong>ita</strong></span> <span class='ocrx_word' id='word_1_141' title='bbox 1199 3083 1239 3143; x_wconf 88' lang='lat' dir='ltr'><strong>ut</strong></span> <span class='ocrx_word' id='word_1_142' title='bbox 1256 3072 1381 3144; x_wconf 93' lang='lat' dir='ltr'><strong>nullibi</strong></span> 
     </span>
     <span class='ocr_line' id='line_1_21' title="bbox 320 3193 1378 3288; baseline 0.001 -20"><span class='ocrx_word' id='word_1_143' title='bbox 320 3265 323 3278; x_wconf 86' lang='grc'>,</span> <span class='ocrx_word' id='word_1_144' title='bbox 386 3197 463 3269; x_wconf 90' lang='lat' dir='ltr'><strong>dies</strong></span> <span class='ocrx_word' id='word_1_145' title='bbox 485 3195 753 3268; x_wconf 86' lang='lat' dir='ltr'><strong>sanctificandos</strong></span> <span class='ocrx_word' id='word_1_146' title='bbox 769 3216 872 3288; x_wconf 85' lang='lat' dir='ltr'><strong>aeque</strong></span> <span class='ocrx_word' id='word_1_147' title='bbox 895 3193 1094 3280; x_wconf 88' lang='lat' dir='ltr'><strong>crederem,</strong></span> <span class='ocrx_word' id='word_1_148' title='bbox 1115 3206 1272 3266; x_wconf 87' lang='lat' dir='ltr'><strong>correcto</strong></span> <span class='ocrx_word' id='word_1_149' title='bbox 1289 3197 1378 3270; x_wconf 87' lang='lat' dir='ltr'><strong>vitio</strong></span> 
     </span>
     <span class='ocr_line' id='line_1_22' title="bbox 388 3317 1381 3412; baseline 0.004 -24"><span class='ocrx_word' id='word_1_150' title='bbox 388 3319 425 3388; x_wconf 91' lang='lat' dir='ltr'><strong>in</strong></span> <span class='ocrx_word' id='word_1_151' title='bbox 450 3320 596 3390; x_wconf 87' lang='lat' dir='ltr'><strong>cremati</strong></span> <span class='ocrx_word' id='word_1_152' title='bbox 612 3341 659 3390; x_wconf 86' lang='lat' dir='ltr'><strong>ex</strong></span> <span class='ocrx_word' id='word_1_153' title='bbox 679 3321 852 3390; x_wconf 82' lang='lat' dir='ltr'><strong>frumento</strong></span> <span class='ocrx_word' id='word_1_154' title='bbox 870 3319 1013 3412; x_wconf 88' lang='lat' dir='ltr'><strong>spiritus</strong></span> <span class='ocrx_word' id='word_1_155' title='bbox 1030 3339 1109 3404; x_wconf 91' lang='lat' dir='ltr'><strong>usu,</strong></span> <span class='ocrx_word' id='word_1_156' title='bbox 1129 3338 1199 3388; x_wconf 90' lang='lat' dir='ltr'><strong>non</strong></span> <span class='ocrx_word' id='word_1_157' title='bbox 1228 3339 1310 3390; x_wconf 92' lang='lat' dir='ltr'><strong>raro</strong></span> <span class='ocrx_word' id='word_1_158' title='bbox 1335 3317 1381 3392; x_wconf 91' lang='lat' dir='ltr'><strong>ad</strong></span> 
     </span>
     <span class='ocr_line' id='line_1_23' title="bbox 387 3440 1447 3537; baseline 0.003 -26"><span class='ocrx_word' id='word_1_159' title='bbox 387 3440 593 3512; x_wconf 89' lang='lat' dir='ltr'><strong>ebrietatem</strong></span> <span class='ocrx_word' id='word_1_160' title='bbox 633 3463 744 3534; x_wconf 91' lang='lat' dir='ltr'><strong>usque</strong></span> <span class='ocrx_word' id='word_1_161' title='bbox 786 3452 964 3537; x_wconf 87' lang='lat' dir='ltr'><strong>protense.</strong></span> <span class='ocrx_word' id='word_1_162' title='bbox 1000 3441 1122 3534; x_wconf 88' lang='lat' dir='ltr'><strong>Neque</strong></span> <span class='ocrx_word' id='word_1_163' title='bbox 1154 3440 1191 3510; x_wconf 93' lang='lat' dir='ltr'><strong>in</strong></span> <span class='ocrx_word' id='word_1_164' title='bbox 1224 3451 1383 3514; x_wconf 87' lang='lat' dir='ltr'><strong>extrema</strong></span> <span class='ocrx_word' id='word_1_165' title='bbox 1441 3441 1447 3450; x_wconf 79' lang='grc'><strong>’</strong></span> 
     </span>
     <span class='ocr_line' id='line_1_24' title="bbox 387 3562 1383 3658; baseline 0 -24"><span class='ocrx_word' id='word_1_166' title='bbox 387 3562 598 3654; x_wconf 83' lang='lat' dir='ltr'><strong>aegritudine</strong></span> <span class='ocrx_word' id='word_1_167' title='bbox 620 3585 747 3636; x_wconf 89' lang='lat' dir='ltr'><strong>earnes</strong></span> <span class='ocrx_word' id='word_1_168' title='bbox 769 3575 829 3637; x_wconf 89' lang='lat' dir='ltr'><strong>aut</strong></span> <span class='ocrx_word' id='word_1_169' title='bbox 851 3586 918 3637; x_wconf 89' lang='lat' dir='ltr'><strong>ova</strong></span> <span class='ocrx_word' id='word_1_170' title='bbox 941 3563 1006 3638; x_wconf 91' lang='lat' dir='ltr'><strong>hoc</strong></span> <span class='ocrx_word' id='word_1_171' title='bbox 1025 3585 1123 3635; x_wconf 91' lang='lat' dir='ltr'><strong>sacro</strong></span> <span class='ocrx_word' id='word_1_172' title='bbox 1142 3575 1303 3658; x_wconf 89' lang='lat' dir='ltr'><strong>tempore</strong></span> <span class='ocrx_word' id='word_1_173' title='bbox 1319 3583 1383 3634; x_wconf 91' lang='lat' dir='ltr'><strong>vo·</strong></span> 
     </span>
     <span class='ocr_line' id='line_1_25' title="bbox 389 3687 1382 3781; baseline 0.002 -23"><span class='ocrx_word' id='word_1_174' title='bbox 389 3688 493 3759; x_wconf 89' lang='lat' dir='ltr'><strong>luisse</strong></span> <span class='ocrx_word' id='word_1_175' title='bbox 509 3709 662 3774; x_wconf 89' lang='lat' dir='ltr'><strong>sumere,</strong></span> <span class='ocrx_word' id='word_1_176' title='bbox 679 3688 753 3759; x_wconf 88' lang='lat' dir='ltr'><strong>vidi</strong></span> <span class='ocrx_word' id='word_1_177' title='bbox 770 3688 953 3781; x_wconf 88' lang='lat' dir='ltr'><strong>quosdam,</strong></span> <span class='ocrx_word' id='word_1_178' title='bbox 971 3689 1017 3760; x_wconf 86' lang='lat' dir='ltr'><strong>ita</strong></span> <span class='ocrx_word' id='word_1_179' title='bbox 1031 3698 1069 3759; x_wconf 91' lang='lat' dir='ltr'><strong>ut</strong></span> <span class='ocrx_word' id='word_1_180' title='bbox 1086 3697 1207 3758; x_wconf 87' lang='lat' dir='ltr'><strong>contra</strong></span> <span class='ocrx_word' id='word_1_181' title='bbox 1224 3687 1290 3759; x_wconf 91' lang='lat' dir='ltr'><strong>huo</strong></span> <span class='ocrx_word' id='word_1_182' title='bbox 1309 3689 1382 3760; x_wconf 89' lang='lat' dir='ltr'><strong>oui-</strong></span> 
     </span>
     <span class='ocr_line' id='line_1_26' title="bbox 388 3808 1382 3905; baseline 0.001 -23"><span class='ocrx_word' id='word_1_183' title='bbox 388 3809 470 3882; x_wconf 91' lang='lat' dir='ltr'><strong>dam</strong></span> <span class='ocrx_word' id='word_1_184' title='bbox 496 3830 600 3881; x_wconf 88' lang='lat' dir='ltr'><strong>servo</strong></span> <span class='ocrx_word' id='word_1_185' title='bbox 627 3808 837 3898; x_wconf 90' lang='lat' dir='ltr'><strong>domestico,</strong></span> <span class='ocrx_word' id='word_1_186' title='bbox 856 3812 916 3904; x_wconf 93' lang='lat' dir='ltr'><strong>qui</strong></span> <span class='ocrx_word' id='word_1_187' title='bbox 943 3810 1029 3882; x_wconf 90' lang='lat' dir='ltr'><strong>obiit</strong></span> <span class='ocrx_word' id='word_1_188' title='bbox 1047 3811 1083 3880; x_wconf 90' lang='lat' dir='ltr'><strong>in</strong></span> <span class='ocrx_word' id='word_1_189' title='bbox 1100 3809 1382 3905; x_wconf 71' lang='lat' dir='ltr'><strong>quadragesima,</strong></span> 
     </span>
     <span class='ocr_line' id='line_1_27' title="bbox 390 3930 1383 4026; baseline 0.001 -22"><span class='ocrx_word' id='word_1_190' title='bbox 390 3931 538 4004; x_wconf 87' lang='lat' dir='ltr'><strong>suadere</strong></span> <span class='ocrx_word' id='word_1_191' title='bbox 555 3931 605 4001; x_wconf 91' lang='lat' dir='ltr'><strong>nil</strong></span> <span class='ocrx_word' id='word_1_192' title='bbox 622 3931 736 4026; x_wconf 91' lang='lat' dir='ltr'><strong>potui;</strong></span> <span class='ocrx_word' id='word_1_193' title='bbox 756 3930 851 4025; x_wconf 93' lang='lat' dir='ltr'><strong>quod</strong></span> <span class='ocrx_word' id='word_1_194' title='bbox 869 3943 986 4002; x_wconf 87' lang='lat' dir='ltr'><strong>tamen</strong></span> <span class='ocrx_word' id='word_1_195' title='bbox 1013 3933 1145 4026; x_wconf 89' lang='lat' dir='ltr'><strong>plures,</strong></span> <span class='ocrx_word' id='word_1_196' title='bbox 1173 3932 1383 4005; x_wconf 86' lang='lat' dir='ltr'><strong>necessitate</strong></span> 
     </span>
     <span class='ocr_line' id='line_1_28' title="bbox 391 4052 1383 4148; baseline 0.002 -24"><span class='ocrx_word' id='word_1_197' title='bbox 391 4063 551 4147; x_wconf 82' lang='lat' dir='ltr'><strong>cogente,</strong></span> <span class='ocrx_word' id='word_1_198' title='bbox 570 4074 640 4124; x_wconf 91' lang='lat' dir='ltr'><strong>non</strong></span> <span class='ocrx_word' id='word_1_199' title='bbox 655 4052 833 4148; x_wconf 89' lang='lat' dir='ltr'><strong>prohiberi</strong></span> <span class='ocrx_word' id='word_1_200' title='bbox 847 4053 1018 4142; x_wconf 91' lang='lat' dir='ltr'><strong>creduut;</strong></span> <span class='ocrx_word' id='word_1_201' title='bbox 1038 4054 1126 4126; x_wconf 82' lang='lat' dir='ltr'><strong>sicut</strong></span> <span class='ocrx_word' id='word_1_202' title='bbox 1145 4073 1259 4148; x_wconf 90' lang='lat' dir='ltr'><strong>neque</strong></span> <span class='ocrx_word' id='word_1_203' title='bbox 1275 4053 1383 4147; x_wconf 90' lang='lat' dir='ltr'><strong>phar-</strong></span> 
     </span>
    </p>
   </div>
   <div class='ocr_carea' id='block_1_3' title="bbox 0 0 1566 5126">
    <p class='ocr_par' dir='ltr' id='par_1_3' title="bbox 0 0 1566 5126">
     <span class='ocr_line' id='line_1_29' title="bbox 0 0 1566 5126; baseline 0 0"><span class='ocrx_word' id='word_1_204' title='bbox 0 0 1566 5126; x_wconf 95' lang='lat' dir='ltr'><strong> </strong></span> 
     </span>
    </p>
   </div>
  </div>
 </body>
</html>
