3148 5132
609 601 767 670 ...ιχ-

182 784 470 884 Bru'gena'ia'quod,
492 783 568 867 uum
597 783 678 868 hanc
709 777 882 870 editionem
907 773 1003 888 urcelo
1026 818 1178 889 pararem,
1272 846 1274 860 s

183 919 361 986 constanter
373 940 436 1006 prae
448 921 595 988 manibus
609 921 716 990 habui.

224 1042 292 1124 Qua
301 1044 460 1112 occasione
474 1044 633 1140 abstineri*
649 1063 780 1130 nequeo,
804 1047 880 1131 quin
901 1047 1046 1138 publicas
1073 1033 1177 1133 grater

183 1159 237 1226 lll.
254 1161 322 1228 DD.
331 1161 353 1230 J
354 1163 447 1229 oanni
460 1162 560 1244 Falci,
575 1161 713 1230 antistiti
727 1163 883 1249 Brugenoi
898 1163 1054 1248 hodierno,
1066 1183 1178 1252 repen·

185 1283 267 1363 dam,
281 1301 335 1365 pro
350 1282 463 1349 eximia
477 1281 535 1348 illa
551 1281 752 1348 humanitate
765 1301 801 1349 ac
816 1283 1033 1350 benevolentia
1052 1303 1113 1368 qua
1126 1301 1178 1350 me
1270 1355 1271 1360 ,

186 1402 352 1486 exemplari
362 1399 518 1486 Brugenai
526 1420 587 1468 non
597 1401 689 1468 modo
699 1403 747 1469 uti
758 1403 915 1487 permisit,
924 1403 980 1470 secl
989 1404 1179 1490 etquamdiu

186 1523 220 1589 id
233 1543 309 1608 opus
323 1499 427 1606 iuuerit,
439 1523 597 1608 perampla
607 1521 735 1589 donavit
746 1523 871 1590 fruendi
882 1522 1124 1592 facultatulam
1138 1525 1178 1592 ad

186 1643 345 1710 auctorem
359 1641 657 1727 opusculi'gressum
671 1643 834 1712 faciamus.

663 1941 706 2007 Il.

224 2142 254 2208 6.
274 2143 382 2210 Vitam
403 2144 439 2211 P.
453 2146 607 2215 Bernardi
632 2147 756 2216 Riberae
775 2149 1038 2236 qualemcumque
1064 2147 1177 2215 adum-

184 2260 288 2326 branti
318 2263 399 2330 mihi
419 2263 473 2330 diu
497 2265 700 2350 multumque
724 2267 979 2354 investigandum
1004 2268 1068 2334 fuit
1095 2265 1179 2352 apud

186 2384 362 2489 complures
381 2387 533 2469 auctores,
554 2389 582 2453 si
604 2407 680 2473 quas
702 2389 783 2482 mihi
809 2389 847 2456 de
869 2390 935 2456 viro
959 2390 1088 2456 notitias
1107 2407 1182 2472 aup-

187 2509 371 2592 peditarent.
391 2512 429 2576 ln
442 2529 504 2597 qua
523 2493 725 2594 inquiritione
740 2531 837 2596 quum
848 2513 967 2579 frustra
975 2511 1180 2584 laborassem.

118 2689 121 2694 .
187 2630 514 2714 ipsummetRiberam
526 2632 612 2698 adire
627 2651 751 2698 mecum
763 2633 914 2700 constitui
923 2633 1052 2718 ejusque
1065 2633 1183 2718 scripta

147 2731 149 2736 ’
189 2749 376 2834 diligentius
400 2753 601 2838 perlustrare.
616 2754 683 2818 Nec
697 2753 773 2819 facti
787 2772 838 2820 me
853 2754 999 2838 poenituit
1014 2754 1123 2850 :plura
1137 2751 1183 2820 si-

191 2870 318 2956 quidem
330 2872 448 2940 eisdem
461 2873 612 2940 contineri
625 2873 764 2940 intellexi
775 2873 905 2940 minime
920 2873 1183 2959 spernenda;quae

156 2991 158 2995 ’
192 2991 289 3057 simul
306 2993 438 3058 collecta
453 2995 485 3060 et
499 2994 533 3058 in
554 2991 696 3060 ordinem
710 2993 837 3059 redacta
853 2993 990 3060 auctoris
1013 2993 1183 3078 imaginem

189 3109 340 3192 referunt,
354 3130 415 3178 non
433 3113 602 3197 perfectam
619 3113 756 3196 quidem,
771 3115 804 3178 at
825 3131 923 3196 quaen
937 3130 1080 3211 veronen
1095 3113 1184 3178 ablu·

190 3232 257 3315 ciat,
270 3251 366 3318 eoque
380 3235 483 3321 magia
499 3255 568 3302 esse
584 3236 696 3302 debeat
706 3237 796 3321 grata
810 3254 870 3320 quo
892 3236 1027 3304 aliorum
1048 3237 1183 3306 fontium
1294 3314 1296 3316 ,

192 3377 280 3442 aeque
297 3358 498 3425 indubiorum
511 3359 615 3444 inopia
629 3358 968 3442 laboramusvgraviori.

235 3480 412 3564 Praecipuae
427 3480 500 3548 vitae
512 3499 575 3546 suae
593 3480 733 3564 periodos
741 3479 912 3545 delineavit
922 3479 1057 3562 ipsemet
1070 3478 1187 3544 Ribero

191 3602 226 3668 in
246 3602 347 3669 fronte
360 3601 552 3688 praegrandis
569 3601 670 3686 operis
686 3599 736 3667 sui
760 3597 850 3664 Echo
865 3598 943 3681 fidei
959 3598 1006 3678 [cle
1021 3615 1081 3682 quo
1096 3597 1187 3682 plura

192 3721 404 3805 inferius),ubi
413 3721 563 3805 leguntur
573 3719 869 3804 sequentia:‹Hano
880 3718 954 3784 fidei
963 3717 1187 3802 expositionem

193 3843 365 3911 Barcinone
388 3842 500 3923 didici3
515 3841 719 3924 Catalauniae,
730 3842 825 3927 jussu
849 3841 945 3926 regio,
961 3839 1187 3932 interpretatus

194 3967 260 4050 tui3
274 3965 447 4056 Hispaniae,
468 3965 555 4034 verbi
567 3964 626 4032 Dei
642 3982 751 4053 praeco,
773 3957 870 4034 etiam
884 3961 917 4031 in
931 3962 1019 4048 regia
1032 3963 1109 4034 urba
1124 3983 1185 4035 nou
