3124 5126
814 658 996 722 -134-

406 853 556 926 constat;
576 854 679 937 atque
697 841 785 912 adeo
813 840 923 932 gratis
954 839 1089 931 reliqua
1122 837 1284 931 mysteria
1316 835 1398 909 fidei

406 971 439 1037 in
464 987 507 1035 eo
533 933 749 1057 querantur,
769 983 849 1054 quae
880 983 926 1030 ex
960 961 1035 1030 aliis
1066 959 1299 1030 fundamentis
1328 963 1399 1054 peti

406 1088 559 1170 debent;
594 1109 676 1158 usus
692 1099 806 1155 tamen
829 1085 945 1154 erucis
962 1084 994 1152 in
1016 1081 1193 1152 Catechesi
1213 1083 1401 1176 descriptae

407 1224 441 1284 et
459 1211 503 1282 ab
519 1205 755 1280 Orientalibus
773 1205 965 1298 antiquitus
983 1215 1171 1298 usurpatae,
1196 1227 1241 1274 ex
1273 1210 1402 1277 nostris

407 1333 547 1428 quidam
567 1331 781 1400 curiosiores
799 1329 967 1398 rationem
999 1326 1164 1410 reddunt,
1195 1350 1255 1398 nos
1277 1351 1343 1424 per
1365 1330 1400 1400 id

411 1461 549 1552 siguum
570 1453 725 1547 profiteri
760 1450 891 1520 debere
917 1463 976 1520 aut
1004 1449 1094 1519 velle
1119 1449 1323 1522 descensum
1354 1452 1401 1523 de

408 1580 508 1650 coelis
528 1580 560 1646 in
580 1590 691 1646 terras
706 1574 780 1668 (per
800 1595 939 1643 cursum
951 1594 1074 1644 manus
1092 1592 1111 1640 a
1131 1571 1243 1642 fronte
1259 1573 1303 1642 ad
1320 1596 1399 1667 pec-

409 1703 490 1795 tus),
506 1721 547 1770 ac
564 1711 638 1792 post
649 1698 911 1791 Redemptionis
925 1708 1053 1766 nostrae
1064 1697 1294 1766 oeconomiam
1312 1719 1401 1769 cou-

410 1837 629 1905 summatam‚
650 1823 837 1892 sessionem
854 1821 1048 1890 servatoris
1085 1819 1193 1889 nostri
1215 1821 1259 1892 ad
1278 1821 1401 1894 dexte-

411 1973 484 2022 ram
520 1949 626 2020 Patris
658 1949 760 2044 (ecce
796 1949 923 2017 factum
968 1945 1106 2015 humeri
1148 1945 1321 2042 dextri);
1362 1971 1404 2021 ac

409 2075 646 2146 liberationem
662 2071 803 2163 generis
814 2070 958 2140 humaui
977 2091 996 2138 a
1011 2069 1151 2140 sinistra
1169 2081 1265 2164 parte
1280 2091 1403 2167 repro-

410 2203 534 2272 borum
564 2201 610 2294 (et
637 2199 693 2268 hic
716 2197 919 2288 designatur
947 2197 1114 2266 humerus
1133 2198 1297 2292 sinister).
1334 2203 1403 2276 Sed

308 2358 312 2368 >
411 2345 475 2394 neo
502 2323 578 2392 haec
607 2341 672 2392 neo
700 2321 830 2390 similes
863 2321 1015 2390 rationes
1045 2320 1130 2389 tanti
1162 2333 1257 2406 sunt,
1293 2336 1328 2392 ut
1358 2323 1404 2394 de
1466 2316 1469 2320 ’

413 2447 481 2516 illis
513 2445 670 2515 sollicitae
714 2455 744 2514 et
790 2443 1005 2534 scrupulosae
1048 2441 1240 2512 formentur
1283 2467 1404 2537 qoaes-

411 2569 534 2640 tiones.
557 2597 575 2632 »
596 2605 645 2620 -
664 2567 746 2636 Haec
776 2564 1049 2634 archimandrita
1069 2591 1075 2633 :
1093 2586 1196 2656 quem
1232 2569 1405 2659 siquidem

411 2692 446 2762 S.
464 2689 662 2781 Theologiae
677 2699 929 2781 praeceptorem
941 2699 1086 2756 noverat
1100 2687 1218 2758 schola
1235 2690 1403 2778 Mosouae,

412 2812 609 2884 nouaudeo
626 2809 848 2882 catechistam
877 2809 1145 2902 interpellare...
1171 2811 1296 2883 Fateor
1323 2815 1403 2900 sibi,

413 2936 657 3030 mysteriorum
681 2932 763 3002 fidei
788 2933 942 3002 rationes
967 2955 1044 3004 esse
1062 2933 1203 3005 aliunde
1218 2937 1401 3028 petendas;

413 3081 477 3129 nec
494 3071 609 3129 tamen
627 3058 839 3158 curiosituti,
859 3055 921 3126 sed
936 3055 1116 3126 devotioni
1137 3057 1288 3150 plurium
1311 3059 1405 3133 daho

413 3180 577 3273 quaesitas
592 3179 721 3250 rituum
740 3178 991 3271 expositiones,
1008 3178 1199 3250 dummodo
1217 3200 1302 3250 sana
1319 3179 1409 3252 doc-

416 3305 505 3374 trina
522 3314 681 3374 servetur
702 3302 736 3370 in
753 3303 897 3372 cunctis.
920 3303 992 3372 Nec
1021 3301 1162 3372 tandem
1183 3305 1405 3392 mutandum,

416 3431 486 3499 imo
499 3424 713 3498 servandum
732 3424 846 3528 dicam
862 3445 1103 3511 sacerrimum,
1124 3428 1224 3518 cnjus
1245 3431 1410 3523 antiquos

416 3546 704 3646 patreshabuisse
716 3548 874 3638 legimus,
887 3548 999 3618 crucis
1015 3570 1113 3620 usum
1130 3575 1136 3619 :
1151 3571 1215 3620 nec
1227 3553 1320 3621 enim
1337 3575 1407 3647 pa-

415 3672 528 3742 tribus
554 3669 729 3740 doctiores
762 3691 902 3755 sumus,
933 3693 997 3742 uec
1029 3671 1103 3742 sine
1137 3678 1411 3768 praesumptione

414 3817 498 3866 usus
514 3805 549 3864 et
567 3813 669 3864 voces
684 3793 836 3888 ipsorum
856 3807 1041 3865 mutamus.
1412 3878 1419 3890 ι

474 3917 657 4002 «Addam,
684 3938 703 3986 a
723 3938 776 3987 me
796 3919 1014 3988 observatum
1034 3921 1267 4012 injuventute
1298 3926 1410 4011 graeci

416 4039 614 4134 presbyteri
633 4039 754 4127 ritum,
778 4061 797 4110 a
817 4039 1027 4134 quibusdam
1052 4053 1133 4138 tunc
1150 4044 1406 4137 impugnatum,
