3148 5132
666 611 787 663 *xm
812 635 846 644 .-

243 789 277 855 in
305 790 468 858 Lusitania
494 791 669 874 episeopus,
692 781 879 872 scripsitque
899 787 937 852 rie
958 787 1103 853 Ploootc
1119 785 1233 856 Eccle-

244 908 303 974 siae
324 909 422 976 libros
440 909 531 990 daos,
544 908 647 974 Ulmae
670 907 806 990 primum
828 925 877 972 an.
905 902 1233 988 latrocinareris

243 1031 340 1097 semel
366 1031 438 1098 dein
468 1049 607 1110 recusos,
633 1031 806 1115 inquibus
835 1030 919 1098 nulli
943 1031 1043 1096 statui
1064 1031 1233 1118 indulgens

243 1153 424 1220 cunctorum
454 1153 573 1238 planxit
594 1153 720 1234 seelera,
744 1144 957 1220 ecclesiastico
979 1153 1085 1220 ordine
1103 1138 1233 1221 minime

242 1271 376 1357 excepto.

282 1392 341 1459 His
352 1391 515 1478 apostolici
529 1390 589 1457 reli
604 1392 779 1458 excessibus
807 1392 834 1458 si
855 1392 1007 1460 lactiones
1021 1394 1158 1479 politicae
1174 1395 1231 1461 ad·

240 1511 362 1590 dantur,
379 1511 493 1594 quibus
504 1512 573 1576 toto
588 1509 652 1576 fere
664 1513 803 1594 tempore
817 1510 956 1595 Philippi
976 1511 1005 1578 V
1026 1511 1231 1596 (llos-1746)

242 1629 427 1696 Catalaunia
455 1630 495 1696 ad
520 1630 625 1713 partes
653 1625 791 1696 Austriae
817 1648 966 1714 propensa
984 1631 1231 1714 dilacerabatur,

241 1747 334 1812 facile
347 1747 540 1830 intelligitur
553 1745 691 1828 potuisse
708 1745 853 1811 Riberam
864 1746 898 1811 in
910 1746 1051 1831 scopulos
1061 1748 1232 1832 impingere

241 1871 274 1935 et
286 1868 356 1934 odia
369 1870 477 1934 contra
488 1886 520 1934 se
535 1869 677 1934 excitare.

282 2023 311 2088 8.
325 2022 409 2087 Dum
420 2021 467 2086 ite
481 2021 636 2086 mediisin
650 2019 909 2086 tribulationibus
919 2022 1101 2104 versaretur,
1112 2022 1232 2089 factum
1325 2079 1326 2084 ,

241 2147 299 2228 est,
312 2149 351 2211 ui
371 2164 388 2211 a
413 2145 490 2221 duee
506 2145 542 2212 de
557 2143 651 2224 Liria,
666 2144 721 2228 qui
736 2143 833 2228 legati
859 2145 893 2209 in
910 2143 1102 2211 Messeniam
1115 2164 1231 2212 munus

240 2268 307 2333 erat
321 2266 463 2332 obiturus
488 2265 629 2330 omnium
648 2263 780 2348 primus,
794 2263 826 2328 in
846 2263 966 2330 socium
980 2263 1112 2346 itineris,
1124 2265 1230 2350 inspe-

243 2390 311 2456 rato
333 2385 541 2452 Providentia
562 2385 675 2467 lavore,
698 2387 911 2452 assumeretur
933 2386 970 2450 P.
987 2385 1112 2468 Ribera,
1127 2387 1231 2472 capel·

240 2508 304 2574 lani
315 2505 480 2591 legationis
493 2507 524 2570 et
535 2503 726 2570 missionarii
739 2505 903 2602 apostolici
917 2506 1014 2572 titulo
1027 2506 1228 2573 decorandus.

280 2627 331 2694 Ad
355 2627 416 2692 iter
439 2622 680 2690 Moscovitieum
707 2623 878 2690 ineundum
899 2625 1038 2694 aer-inxit
1059 2645 1093 2692 se
1118 2625 1233 2693 Ribera

239 2767 319 2813 anno
342 2745 439 2822 1726;
456 2743 677 2828 Florentisque
701 2744 849 2826 salutata,
864 2745 1012 2812 transivit
1025 2748 1058 2812 in
1071 2747 1233 2814 austriam

239 2868 271 2934 et
289 2865 361 2932 inde
385 2863 519 2948 perrexit
542 2863 575 2928 in
603 2862 814 2944 Germaniam,
839 2863 911 2940 sibi,
936 2867 974 2933 ut
996 2849 1091 2933 modo
1104 2867 1235 2950 dicetur,

240 3006 349 3070 parum
364 2985 499 3070 gratam.

279 3107 343 3174 Ubi
357 3107 492 3189 primam
516 3105 639 3172 Silesiae
671 3105 839 3188 superioris
867 3105 979 3173 urbem
1002 3106 1086 3174 Olore
1114 3108 1232 3177 dictam

236 3233 397 3316 ingressus
421 3229 479 3306 est,
505 3225 661 3310 templum
686 3225 794 3292 adiens
815 3229 977 3308 pastorem
999 3227 1031 3293 ct
1051 3226 1128 3294 duos
1154 3246 1231 3314 quos
1305 3231 1308 3236 ’

236 3351 387 3418 vocabant
402 3349 556 3429 diaconos,
571 3364 590 3412 a
613 3347 774 3430 sepultura
792 3345 923 3412 solemni
937 3347 1113 3430 redeuutes,
1125 3368 1160 3416 er
1174 3351 1232 3418 ha·

236 3473 307 3542 bitu
327 3472 359 3537 et
377 3469 443 3534 ritu
457 3466 645 3534 acatholicos
663 3483 842 3550 agnoscens,
864 3465 1029 3549 cujusnam
1039 3469 1144 3534 essent
1154 3469 1232 3536 reli·

119 3602 121 3608 ’
238 3589 340 3677 gionis
355 3586 536 3656 sciscitatus
562 3586 626 3665 est,
648 3587 836 3670 acceptaque
850 3587 1056 3670 responsione,
1070 3606 1103 3654 se
1126 3587 1228 3656 Eran-

240 3709 359 3797 gelieos
370 3725 448 3787 esse,
463 3707 563 3772 risum
588 3705 744 3772 continere
764 3723 824 3770 uon
841 3703 956 3789 potuit,
972 3723 1006 3772 eo
1019 3707 1100 3789 quod
1117 3727 1230 3777 nomen

236 3831 324 3898 istud
345 3826 605 3911 Evangelicorum
618 3828 710 3890 antea
722 3825 884 3918 audiverat
897 3844 1066 3909 uunquam.

283 3981 295 4008 ‹
313 3949 408 4026 Nori,
423 3947 573 4031 reposuit,
584 3963 638 4012 vos
652 3964 713 4012 uon
730 3945 965 4012 Mabometanos
986 3965 1064 4031 esse,
1088 3967 1144 4016 neo
1174 3947 1242 4018 ioc-
