3148 5132
740 628 783 648 ¹-
802 609 895 660 nrum
918 629 957 643 -

346 802 418 874 crgo
444 789 615 864 doctrinam
639 808 725 877 aeque
746 809 782 856 nc
803 787 1018 856 calvinianam
1038 787 1204 875 proscribit
1222 769 1332 874 Augu·

344 903 693 974 caiuma-Themisone
708 907 862 975 catholica
877 907 972 992 (Eat.
987 907 1043 990 fid.
1058 909 1138 992 part.
1152 907 1275 993 1‚120).

385 1027 475 1094 Alias
489 1027 569 1095 dicit
587 1029 704 1096 Ribera
724 1027 871 1096 confundi
886 1027 1130 1096 Calvinietarum
1145 1029 1178 1096 et
1190 1027 1213 1096 J
1213 1027 1337 1095 ansani·

344 1145 465 1218 aterum
479 1169 596 1218 encres
610 1151 692 1218 circa
706 1149 853 1235 gratiam,
874 1150 907 1216 iu
921 1149 1084 1235 Deumque
1099 1169 1167 1220 esse
1189 1149 1336 1237 blasphe-

344 1286 413 1340 mos
433 1293 529 1360 quem
550 1273 671 1358 peccati
695 1271 816 1340 iaciunt
835 1274 993 1340 auctorem
1017 1253 1104 1358 (ibid.
1118 1295 1149 1359 p.
1164 1275 1234 1354 152,
1247 1289 1281 1338 no
1293 1273 1337 1354 3).

345 1395 521 1478 Quaestione
535 1413 603 1463 vero
617 1393 714 1469 XLV,
740 1413 769 1477 p.
785 1393 856 1475 275,
872 1393 1020 1479 profligat
1041 1393 1282 1478 Quaereella'uuos
1306 1393 1339 1458 et

344 1509 552 1598 AppetIuates
562 1529 638 1598 quos
650 1513 740 1580 vocat
749 1511 956 1596 nuperrimos,
969 1511 1176 1580 Geteschalcc
1191 1516 1338 1598 protopa-

344 1637 441 1720 rente,
453 1655 523 1704 aaec.
537 1633 600 1702 XII
616 1635 773 1710 haeretico,
799 1633 967 1701 novissima
982 1635 1110 1702 exortos.

386 1758 431 1823 At
458 1757 561 1825 multo
586 1756 691 1822 acrius
716 1755 941 1841 impugnantur
961 1754 1177 1822 Protestantes
1198 1754 1337 1840 cujusvis

342 1871 455 1948 coloris
471 1877 640 1958 anteactae,
656 1895 732 1962 quos
749 1875 908 1960 exagitare
923 1893 1081 1959 nunquam
1099 1874 1336 1946 cessatRibera

344 2001 609 2087 quemadmodum
627 1999 661 2066 id
676 2001 763 2083 patet
772 1997 841 2084 jam
854 2017 889 2064 ex
900 1995 994 2064 dictis
1008 1997 1158 2064 hactenus
1171 1999 1203 2066 et
1217 1998 1338 2064 abunda

342 2120 500 2187 testantur
518 2139 554 2188 ea
576 2103 644 2204 quae
655 2120 690 2186 in
710 2117 859 2206 praesenti
875 2115 1025 2204 opusculo
1040 2120 1159 2204 passim
1172 2120 1340 2188 occurrunt

342 2233 487 2324 legenda.
1085 2235 1087 2242 ’

385 2353 461 2440 Quae
490 2357 595 2426 omnia
623 2376 661 2425 ea
692 2358 863 2426 intentione
889 2357 959 2425 heic
986 2359 1161 2444 percensita
1186 2361 1271 2443 sunt,
1298 2363 1337 2428 ut

343 2463 560 2554 uuusquisque
597 2467 635 2534 de
671 2469 842 2552 quaestione
879 2467 1022 2554 superius
1058 2470 1157 2536 allata
1182 2470 1341 2556 judicium

345 2591 434 2674 ferat,
452 2591 573 2660 scilicet
596 2610 636 2658 an
653 2591 802 2658 Riberam
830 2591 914 2657 inter
934 2591 967 2656 et
988 2589 1127 2657 Jubeum
1145 2591 1341 2659 necessitudo

346 2715 485 2799 potuerit
505 2715 701 2782 intervenire.
716 2713 872 2798 Equidem
896 2714 982 2798 puto,
1003 2714 1096 2780 chaos
1121 2735 1269 2802 magnam
1291 2717 1336 2781 in·

344 2836 525 2904 tereeasisse
550 2835 632 2902 inter
656 2839 837 2920 utrumqne,
865 2835 990 2902 tantum
1017 2835 1106 2903 abest
1122 2837 1160 2903 ut
1184 2838 1217 2904 in
1244 2840 1337 2924 gente

345 2954 589 3022 Mcsccvitarum
604 2954 643 3020 ad
655 2955 811 3040 gremium
823 2954 973 3021 Ecclesiae
985 2955 1148 3021 catholicae
1163 2955 1338 3023 reducenda

346 3075 467 3144 viribus
476 3077 688 3144 laboraverint
701 3077 810 3143 unitis.
835 3077 922 3142 Illud
946 3079 1074 3162 iusuper
1087 3078 1257 3144 notandum
1280 3079 1339 3156 est,

346 3197 443 3266 Jubei
471 3218 583 3290 nomen
611 3198 675 3265 altu
700 3199 825 3266 silentio
849 3198 950 3283 premi
978 3201 1048 3265 tum
1079 3199 1111 3264 in
1135 3197 1260 3282 scriptia
1282 3179 1359 3262 Iti·¹

346 3316 516 3398 bercetum
529 3317 562 3385 in
580 3316 826 3384 Commentariis
840 3318 938 3384 Ducis
951 3319 988 3384 de
1003 3319 1098 3400 Liria,
1117 3338 1210 3402 quem
1234 3319 1340 3384 tamen

345 3436 502 3509 secretum
538 3437 762 3505 commercium
788 3455 861 3504 cum
881 3438 1057 3524 jansenista
1081 3437 1168 3524 gallo
1194 3437 1341 3505 habuisse

343 3551 471 3622 aliunde
488 3554 622 3624 constat.
691 3529 693 3534 ’
