3148 5132
800 613 960 676 „15-

380 792 440 852 aer
458 782 637 853 nociturus
653 778 856 866 infantibus,
876 777 1038 872 baptismi
1060 781 1097 850 in
1118 780 1280 853 domibus
1299 783 1374 854 fere

381 926 481 976 usum
514 905 671 991 induxit;
704 904 804 996 cujus
830 905 918 974 ritus
943 925 1100 994 graccum
1134 905 1302 1000 adimplet
1335 909 1371 980 in

379 1025 554 1098 omnibus.

429 1147 469 1218 ld
496 1171 600 1218 unum
627 1149 744 1220 notavi
768 1149 890 1228 semel,
916 1159 952 1218 ut
985 1147 1123 1241 publice
1156 1148 1375 1243 baptizandis

379 1271 516 1344 duobus
540 1273 719 1344 Kalmukis
742 1273 777 1343 in
799 1273 944 1365 templo,
965 1273 1014 1342 nil
1042 1271 1285 1366 indulgeretur
1303 1299 1373 1370 pu-

378 1394 467 1467 dori.
491 1397 831 1492 Ultraltrigesimum
859 1397 893 1466 bi
913 1395 985 1486 jam
1014 1417 1143 1466 annum
1166 1398 1368 1490 attigerant,

378 1540 526 1612 quorum
555 1539 692 1591 sacrum
711 1520 904 1602 lavacrum,
925 1531 1091 1612 quantum
1108 1521 1275 1614 templum
1292 1543 1373 1592 mo-

377 1641 523 1712 nasterii
542 1641 744 1711 Scholarum
774 1637 925 1736 (Spusslc‘
940 1661 1003 1712 seu
1021 1641 1223 1735 Salvatoris)
1244 1644 1375 1736 permi-

377 1763 436 1848 sit,
457 1763 644 1834 advocavit
665 1753 883 1834 concursum.
910 1762 1068 1834 Aderant
1084 1765 1240 1834 exomni
1266 1776 1371 1854 statu,

278 1895 284 1906 ’
377 1884 482 1954 etiam
514 1887 680 1957 moniales
710 1885 896 1980 permixtas
934 1885 1102 1957 foeminae.
1138 1885 1241 1956 Facto
1270 1887 1375 1976 juxta

376 2005 482 2077 ritum
505 2010 714 2093 exorcismo,
728 2009 953 2094 catechismo,
976 2007 1191 2102 reliquisque
1211 2010 1368 2102 praeviis,

379 2130 445 2202 sub
460 2144 582 2226 parata
597 2134 632 2204 in
648 2136 768 2227 templi
785 2135 914 2226 angulo
930 2135 1086 2205 velatura
1105 2133 1237 2204 cortina
1254 2134 1372 2206 denu·
1490 2193 1495 2201 .

379 2255 453 2326 dati
466 2256 548 2343 viri,
568 2256 653 2328 inde
670 2269 840 2329 exeuntes
860 2258 972 2350 (solita
991 2258 1143 2329 nationis
1158 2258 1193 2326 in
1208 2279 1371 2331 commu-

376 2378 481 2450 nibus
495 2390 530 2450 et
547 2381 787 2474 frequentibus
809 2381 943 2452 balneis
960 2380 1181 2474 simplicitate
1203 2383 1370 2478 servata),

378 2499 473 2569 nulla
486 2499 683 2592 judicantes
706 2503 880 2598 pudenda,
903 2525 963 2597 per
990 2501 1121 2594 gradus
1139 2501 1373 2574 ascenderunt

377 2625 596 2694 successive
617 2626 802 2718 quislibet,
834 2624 1043 2723 profundam
1080 2625 1181 2714 juxta
1217 2625 1372 2720 ipsorum

381 2757 618 2818 mensuratam
644 2749 863 2820 altitudinem
892 2748 1139 2840 baptisterium
1166 2748 1369 2841 ingressuri.

380 2867 476 2939 lntra
507 2891 633 2962 aquam
664 2881 795 2942 stantes
823 2870 1020 2965 presbyter,
1051 2890 1155 2941 manu
1183 2872 1287 2964 capiti
1304 2871 1373 2944 ad·

380 3003 478 3064 mota
494 3008 531 3063 et
545 2993 763 3088 impellente,
781 3006 834 3064 ter
851 2993 1019 3064 immersit
1034 3019 1042 3076 ;
1064 3004 1306 3086 exeuntesque
1320 3015 1373 3066 re-

379 3113 542 3208 petendis
558 3114 726 3207 gradibus
744 3135 940 3207 magnaque
955 3115 1074 3207 templi
1092 3124 1203 3208 parte,
1221 3113 1286 3184 sub
1301 3137 1375 3186 cor.

335 3211 350 3238 l
380 3239 454 3309 tina
480 3239 595 3310 induti
619 3240 749 3326 denuo,
777 3251 907 3312 caetera
933 3239 1169 3332 complevere.
1199 3241 1370 3326 Ministro,

378 3361 466 3456 quid
491 3362 577 3432 mihi
604 3363 783 3434 videretur
808 3363 1013 3456 inquirenti,
1042 3362 1154 3435 amice
1181 3360 1309 3451 objeci,
1337 3360 1374 3431 in

379 3493 459 3554 actu
477 3485 537 3555 illo
564 3485 709 3556 solemni
738 3497 774 3558 et
801 3483 939 3581 publico
967 3485 1017 3554 nil
1044 3481 1267 3564 obstiturum,
1303 3483 1374 3554 imo

379 3591 612 3702 adaptandam
633 3611 857 3684 modestiam:
878 3631 943 3680 nee
963 3609 1030 3680 uisi
1055 3607 1373 3680 materialissimum

379 3753 585 3826 responsum
603 3735 717 3808 eidem
734 3735 854 3818 debui,
877 3735 1053 3804 lavacrum
1066 3729 1204 3826 'scilieet
1217 3753 1295 3804 esse
1318 3735 1334 3804 f
1352 3773 1374 3786 ·

378 3855 543 3926 ciendum
564 3858 751 3952 integrum.
779 3857 956 3930 Professor
985 3856 1042 3926 hio
1060 3855 1119 3926 ille
1137 3866 1214 3926 erat
1232 3855 1373 3927 theolo-

378 3977 504 4070 giae3a
532 3997 602 4068 quo
616 3981 700 4076 quid
726 3981 925 4075 exspectari
948 3989 1075 4074 potest,
1102 3978 1205 4080 juxta
1224 3998 1265 4049 ca
1292 3997 1374 4072 quae
