3172 5130
301 508 306 538 ‘
599 520 787 588 -193-

199 687 374 754 tbomisticae
402 687 510 752 scholae
536 686 692 751 dissonam.
720 714 733 746 s
768 689 871 753 Thesis
898 707 986 772 porro
1011 699 1074 752 erat
1112 689 1195 753 hae:

200 778 316 846 Christo
331 784 495 868 impositum
509 782 567 864 soit
577 795 750 867 preceptum
772 785 866 848 miros
887 785 1051 866 rigorosoor
1073 785 1188 861 mertia·

199 897 266 940 acm
287 876 435 960 supposito
454 889 596 960 proeoopto
615 873 749 958 rigoroso
766 876 807 960 (td
828 888 885 953 ost,
904 875 1031 959 stricto),
1056 896 1112 939 ooo
1133 881 1195 939 ool·

200 984 288 1037 octor
308 973 424 1036 libertos
446 970 567 1036 cortou.
586 997 602 1028 n
625 971 813 1036 Liberrimam
837 969 926 1036 tuisse
942 971 1049 1036 Christi
1072 983 1195 1037 mortem

201 1067 287 1134 simul
303 1078 333 1131 et
349 1067 481 1132 strictum
495 1079 677 1150 praeceptum
693 1066 790 1132 Patris
805 1067 943 1132 sustinuit
966 1065 1073 1131 Ribera
1090 1069 1198 1134 adver·

199 1181 250 1227 sus
265 1161 480 1238 defendentem,
496 1161 696 1246 rationumque
720 1183 836 1226 suarum
858 1182 997 1226 summam
1017 1162 1119 1247 paucis
1141 1184 1196 1228 ox-

199 1256 309 1342 posuit,
324 1257 391 1320 looo
406 1256 492 1319 modo
508 1256 611 1319 citato.
964 1310 966 1318 ,

240 1349 313 1435 Peg.
327 1349 462 1418 taaltte
477 1349 517 1411 11
528 1349 606 1431 julii,
624 1350 759 1435 adeoquo
769 1357 857 1436 paulo
869 1363 938 1436 post
951 1351 1106 1415 solemnem
1114 1353 1195 1417 illam

200 1445 436 1529 disputationem,
451 1445 602 1529 sequentia
614 1445 773 1510 mandabat
786 1445 879 1512 Gross
894 1447 933 1510 ad
946 1447 1102 1531 Bayerum,
1115 1447 1196 1512 cole·

196 1541 278 1605 brem
287 1540 443 1604 academiae
456 1540 677 1622 petropolitanae
690 1541 1116 1626 professoremznPromulgata
1127 1543 1195 1606 iue-

197 1630 310 1698 rinthic
319 1633 473 1718 (Mesene)
487 1633 524 1696 ab
540 1633 689 1698 academia
698 1635 899 1700 ecclesiastica
914 1626 1192 1720 theses‘thoologiae,

174 1775 178 1782 -
196 1731 381 1816 superposita
394 1730 476 1793 icone
490 1729 519 1792 in
529 1751 588 1815 qua
594 1732 859 1813 repraesentabatur
870 1753 948 1817 papa
958 1734 1034 1798 inter
1042 1733 1194 1799 Mahome·
1210 1807 1212 1811 ,

195 1834 256 1888 tem
281 1835 312 1888 ot
328 1823 503 1887 Sabellicum
525 1823 595 1908 (sic)
609 1825 744 1908 medius.
773 1826 863 1910 Cujus
886 1828 1018 1912 imaginis
1040 1829 1194 1896 occasione

197 1918 232 1986 P.
267 1918 391 1995 Ribera,
419 1932 574 2005 antequam
603 1923 823 2005 argumentandi
850 1926 1006 2009 sumpserit
1029 1925 1191 2004 exordium,

197 2015 363 2080 concionem
377 2013 479 2078 babuit
494 2015 533 2078 ad
547 2015 695 2080 auditores
710 2018 872 2084 Academia
893 2031 1053 2104 perargute
1072 2019 1191 2084 dictam.

196 2112 403 2196 Narrabatquo
415 2113 584 2196 praedictam
606 2113 717 2178 iconem
737 2117 898 2180 consectam
920 2117 1009 2181 inisse
1035 2117 1072 2181 ab
1095 2117 1194 2180 archi·

200 2209 345 2274 mandrita
359 2209 537 2284 monasterii,
554 2209 652 2272 insciis
674 2210 899 2294 archiepiscopis
920 2213 980 2295 qui,
996 2223 1074 2278 teste
1090 2212 1193 2277 eodem

198 2303 317 2380 Bibere,
328 2323 390 2366 eam
402 2301 457 2365 sibi
470 2301 583 2366 minime
597 2303 716 2385 probari
730 2317 947 2370 asseverarunt.
962 2305 1016 2384 (Gi.
1031 2305 1190 2384 Peharski,

198 2401 310 2467 Hister.
330 2399 421 2463 head.
433 2399 584 2482 Petropol.
602 2410 625 2462 t.
644 2401 674 2462 1.
692 2421 763 2485 pag.
776 2401 860 2481 216.)

239 2495 366 2561 Publica
381 2497 443 2559 istae
454 2492 574 2558 Romani
593 2494 740 2558 Pontificis
752 2495 885 2561 vindiciae
899 2506 1081 2560 maturarunt
1096 2498 1194 2581 magi-

195 2594 276 2660 sterii
289 2593 444 2676 theologia
451 2592 578 2655 lauream
594 2612 654 2676 qua
665 2591 787 2658 Moscua
799 2593 892 2656 redux
902 2592 1022 2660 Vienna
1037 2592 1195 2659 decoratus

195 2689 252 2752 fuit
265 2686 382 2766 Rihera,
393 2687 536 2750 stimulum
552 2686 726 2750 laureaturis
739 2687 867 2752 addente
883 2686 1025 2752 cardinali
1038 2686 1112 2752 Lud.
1126 2687 1196 2752 Rel-

194 2783 266 2867 luga
276 2784 312 2847 de
323 2783 476 2858 hioncada,
494 2781 695 2866 Hispaniarum
714 2784 873 2866 protectori
895 2794 983 2868 atque
1006 2783 1088 2867 regio
1115 2784 1196 2868 apud

197 2878 228 2942 S.
239 2875 343 2942 Sedem
353 2876 494 2940 ministro.
504 2873 648 2961 (VAEpist.
659 2877 755 2941 dedic.
769 2877 843 2942 libro
855 2874 1013 2963 Echofidci
1022 2878 1195 2963 praemissa.)

238 2973 284 3036 bd
296 2991 365 3056 pag.
389 2970 461 3044 ibi,
479 2967 628 3034 Hactenus
651 2967 862 3050 Warmundus,
890 2971 972 3054 eujus
998 2971 1197 3038 testimonium

197 3065 398 3150 depromptum
431 3084 494 3128 esse
523 3075 594 3149 puto
620 3065 746 3148 exejus
772 3066 912 3152 opusculo
934 3066 981 3129 oui
1006 3064 1194 3136 inscribitur:

203 3157 344 3224 Universa
371 3160 473 3243 religio
504 3161 700 3234 mosoooitico,
720 3171 793 3236 eto„
824 3159 977 3244 Theophili
1005 3157 1197 3224 Wahrmundi

150 3251 156 3276 ⁸
199 3256 314 3320 nomine
328 3255 465 3338 insignita
478 3256 638 3338 velpotius
652 3256 778 3322 larvata.
805 3256 858 3320 Est
880 3255 955 3319 enim
978 3254 1197 3340 pseudonymus

199 3350 318 3434 Georgii
333 3351 434 3415 hdami
451 3350 650 3433 Schleussing,
664 3352 714 3436 qui
727 3372 803 3415 anno
818 3351 899 3415 1688
914 3351 1050 3434 vulgavit
1064 3351 1198 3417 Zittaviae

198 3446 388 3510 Anotomr'om
399 3443 512 3510 Bossia
526 3445 688 3527 deformato
696 3446 860 3530 germanice
873 3446 1067 3530 conscriptam
1080 3466 1087 3520 ;
1111 3465 1198 3528 quam

200 3541 338 3625 deinceps
348 3541 436 3606 novis
447 3539 526 3624 typis
540 3538 689 3604 mandavit
699 3559 756 3604 non
771 3539 871 3614 semei,
885 3539 1002 3604 easdem
1019 3541 1080 3603 iero
1101 3549 1198 3603 mate-

199 3633 258 3698 rias
273 3634 466 3719 diversimode
480 3643 656 3709 retractans,
673 3634 786 3698 nomino
803 3643 916 3697 tantum
928 3632 1082 3717 operisque
1106 3633 1194 3696 tituio

199 3740 322 3794 mutato.
338 3729 474 3810 Ejusdem
486 3729 576 3812 igitur
590 3728 718 3792 auctoris
730 3740 798 3792 sunt
813 3739 875 3792 tum
886 3726 1002 3793 Sidonio
1013 3738 1138 3790 recenter
1148 3727 1198 3790 dc-

199 3834 350 3900 tccto,tum
358 3821 931 3908 Ropimioiosceptromtriompriocrpom
942 3819 1200 3886 JoooaisotPotri

199 3917 371 3982 Alooimitz
384 3938 487 3980 aaaron
499 3930 524 3981 et
536 3916 766 4001 Sophio‚oorom
779 3916 888 3980 rororis
911 3913 1061 4001 (Drsisoch
1078 3915 1199 3998 qesthr·
