3148 5132
616 625 785 720 ‘²³7'

201 813 324 884 versus
347 800 400 864 est
421 790 458 862 in
476 791 664 864 catholicos
682 817 690 878 ;
719 801 758 863 nt
783 789 883 886 plebs
907 790 1139 884 ignorantior,
1156 791 1193 864 in

200 917 348 989 Polonos
367 914 445 1008 plus
462 935 566 1006 quam
581 914 618 984 in
644 915 773 985 Turcas
800 925 1012 1008 pugnatura,
1039 913 1133 1008 apud
1156 935 1195 987 se

199 1040 459 1113 existimaretur
476 1036 649 1111 devotior.
669 1039 807 1111 Interea
837 1039 1025 1112 Lutherani
1051 1041 1196 1114 rusticis

200 1164 315 1236 minus
330 1162 402 1234 noti
419 1162 587 1233 libentius
599 1161 785 1234 obtinuere
800 1162 997 1255 ingressum
1015 1185 1094 1235 oum
1115 1166 1196 1237 reli·

199 1284 312 1378 gionis
326 1283 496 1355 exercitio
513 1282 673 1377 publico;
691 1304 774 1370 non,
791 1283 880 1355 sicut
896 1283 1022 1354 horum
1040 1286 1196 1380 scripto-

199 1425 256 1478 res
264 1405 440 1496 jactitant,
452 1405 497 1477 ob
512 1405 659 1477 sanioris
673 1426 795 1477 eorum
811 1405 990 1498 religionis
1004 1405 1193 1496 judicium,

199 1529 262 1602 sed
281 1536 318 1599 ut
334 1529 409 1600 visa
432 1549 555 1600 eorum
570 1529 759 1624 impietate,
784 1530 946 1624 populus,
965 1529 1034 1600 alia
1048 1531 1194 1603 Latino·-

198 1674 278 1724 rum
294 1671 391 1722 sacra
403 1671 473 1722 non
486 1649 624 1735 videns,
642 1661 786 1722 cunctos
800 1652 950 1745 parium,
971 1673 1051 1723 cum
1082 1651 1196 1723 Latini

198 1773 1194 1867 nomine,superstitionumreosconcipiens,seabeorum

199 1895 383 1968 sodalitate
412 1896 566 1967 sanctius
588 1895 783 1968 custodiret
805 1923 812 1967 :
833 1897 1050 1990 ampliusque
1067 1898 1197 1970 frustra

199 2017 322 2089 Poloni
338 2027 540 2110 quaererent
556 2016 691 2090 ioedera
719 2039 799 2090 cum
822 2017 888 2104 eis,
912 2017 973 2112 qui
995 2018 1196 2090 Latinorum

200 2151 340 2228 cuncta,
374 2142 525 2214 Luthero
558 2143 711 2233 objecto,
750 2143 909 2214 dicerent
942 2143 1193 2237 superstitiosa.

199 2265 284 2335 Haec
299 2263 381 2335 inde
397 2265 604 2336 Lutheranis
616 2264 771 2354 jactandi
789 2273 909 2334 manet
937 2264 1069 2355 gloria,
1100 2285 1198 2338 acce-

199 2394 315 2480 platos
330 2396 414 2456 tunc
432 2407 493 2457 eos
516 2385 622 2456 luisse
640 2383 822 2470 libentius
842 2394 880 2454 ut
896 2383 1036 2454 Latinos
1053 2395 1198 2458 cunctos

200 2507 397 2580 lutheranae
431 2507 621 2602 impietatis
647 2508 791 2578 infamia
819 2507 1010 2578 macularet
1048 2506 1195 2580 nimium

200 2641 302 2702 cauta
317 2631 522 2722 ignorantia.
543 2631 716 2702 Bellorum
733 2631 770 2701 in
786 2628 869 2716 fine,
888 2629 1104 2722 paciscentes
1116 2651 1196 2701 cum

202 2752 372 2824 Rutbonis
396 2752 433 2823 id
453 2755 509 2848 pie
534 2745 720 2826 ostendere
750 2752 918 2825 studuere
945 2753 1088 2838 Poloni;
1117 2775 1198 2826 cum

199 2873 296 2944 inter·
308 2874 388 2959 alia,
409 2896 479 2946 non
504 2877 569 2946 nisi
589 2875 824 2971 permittenda
855 2875 996 2970 publice
1026 2873 1197 2968 religione

200 3003 236 3070 et
254 2997 383 3089 templo
412 2997 595 3084 catholico,
624 2998 779 3070 ineundo
808 2997 936 3071 foederi
952 3015 1193 3067 consensere:

200 3116 380 3210 publicum
397 3119 490 3190 enim
505 3119 554 3190 ibi
571 3121 717 3206 cultum,
745 3129 781 3190 et
799 3119 904 3211 hujus
921 3119 1049 3190 intuitu
1066 3119 1196 3190 catho-

199 3238 306 3311 licum
329 3242 498 3313 refectum
528 3242 711 3327 honorem,
733 3245 911 3314 anemine
938 3240 1197 3314 emendicatum

199 3360 399 3450 habuimus,
421 3365 484 3436 sed
504 3365 653 3437 debetur
671 3365 821 3436 Polonis.
841 3363 1014 3438 Viderunt
1029 3363 1102 3453 jam
1119 3365 1196 3434 Ru-

202 3484 314 3574 tbeni,
333 3509 412 3575 nos,
429 3499 552 3561 contra
570 3490 801 3576 Lutheranos,
821 3509 908 3562 vera
926 3497 1061 3582 septem
1077 3507 1193 3558 sacra·

201 3619 321 3680 menta
349 3609 452 3695 tueri,
486 3610 589 3696 ritus,
618 3609 836 3695 traditiones,
862 3609 1013 3703 jejunia,
1045 3607 1201 3680 Sancto-⁴

202 3753 283 3802 rum
298 3731 569 3820 invocationem,
591 3733 784 3826 imaginum
812 3735 958 3818 cultum,
981 3740 1194 3824 caeteraque,

202 3851 323 3948 paucis
338 3855 513 3950 exceptis,
530 3875 675 3927 servare
690 3856 830 3928 cumeis
843 3853 1042 3926 communia
1056 3852 1197 3947 dogma-

202 3987 251 4054 ta.
283 3979 360 4052 Jam
388 3979 567 4054 Ruthenos
599 3981 777 4055 cordatos
806 3982 935 4076 templa
972 3991 1090 4054 nostra
1123 3999 1194 4051 non
