3124 5126
595 571 750 634 ..83-

183 731 298 802 tlenns
323 728 367 800 ad
394 730 623 804 absolutionem
642 735 830 834 tympanitoe
847 739 895 833 (l)
909 741 1178 816 eaeommunteatt

176 871 320 940 uocatus,
336 855 384 927 ste
406 881 499 926 orsus
521 873 566 929 est
581 886 716 955 preces:
737 891 753 930 u
770 865 799 936 si
812 866 904 937 bene
917 867 1102 962 opinamur
1114 868 1175 942 de-

178 981 295 1052 testati
319 982 444 1074 impias
470 985 640 1077 azymitas
662 998 698 1056 et
726 987 1174 1081 dogmataiatinasecutos‚

178 1104 323 1174 Domine
341 1106 432 1176 Deus
454 1117 586 1190 noster,
610 1109 669 1202 qui
687 1120 745 1182 tua
772 1112 938 1184 ineffabili
956 1117 1176 1209 eto....(reli-

175 1248 283 1318 quum
309 1238 398 1298 oret.
425 1249 472 1298 ex
490 1231 724 1326 Euchologio).
745 1229 912 1304 Absolutis
926 1235 1085 1330 precibus,
1103 1263 1175 1310 eon-

174 1359 302 1416 suetum
319 1347 514 1422 miraculum
531 1377 594 1421 non
619 1354 720 1424 euenit
739 1344 895 1448 (dissolvi
916 1359 1047 1430 seilicet
1066 1361 1176 1433 cada-

178 1490 240 1539 ver
257 1483 333 1564 post
359 1474 640 1570 absolutionem),·
661 1476 718 1546 sed
741 1491 809 1547 emt
826 1477 960 1550 cadaver
977 1495 1014 1550 ut
1029 1498 1124 1555 anteo
1140 1487 1176 1558 in

174 1614 296 1661 morem
322 1595 471 1691 tympani
504 1595 671 1696 inflatum.
705 1597 946 1696 supervenerat
970 1602 1053 1699 sorte
1072 1605 1174 1679 losa-

176 1710 266 1807 piar,
282 1729 356 1788 tune
371 1720 520 1793 sacerdos
538 1736 568 1793 et
596 1722 811 1796 concionator.
837 1725 934 1794 Hune
949 1740 1022 1796 orat
1036 1729 1174 1826 populus

177 1863 284 1932 preces
301 1864 462 1942 resumere
482 1852 624 1935 etjunta
645 1871 766 1916 morem
788 1847 949 1944 perficere.
970 1849 1016 1920 At
1041 1851 1095 1922 ttte
1120 1879 1175 1925 oe·

175 1959 300 2032 casione
318 1979 448 2060 sumpta
464 1964 553 2038 dimit
568 1995 578 2036 :
594 1969 695 2039 «Viri
710 1969 912 2039 amicissimi
925 1970 1063 2057 Christi,
1085 1977 1173 2047 soli-

178 2109 194 2149 »
219 2094 291 2154 tum
308 2100 506 2180 portentum
523 2091 656 2162 editum
674 2112 743 2162 non
764 2101 829 2177 est,
851 2113 896 2161 ne
910 2094 1001 2164 Deus
1017 2099 1172 2170 mentia-

177 2231 192 2272 »
218 2217 287 2292 tur,
308 2211 524 2302 quodneies.
545 2213 649 2304 Agite
672 2213 793 2304 igitur,
819 2212 943 2284 discite
969 2237 1053 2286 vera
1077 2239 1169 2304 esse,

176 2355 193 2396 »
221 2345 302 2422 quee'
324 2353 345 2402 a
370 2355 426 2402 me
448 2335 549 2405 vobis
570 2333 821 2428 praedicantur.
849 2364 868 2399 κ
891 2335 968 2404 Hae
990 2335 1046 2404 abi
1067 2336 1169 2423 linit,

177 2476 303 2523 saonam
317 2452 425 2525 induit
438 2454 563 2539 stolam,
584 2454 805 2554 eaelamatque
821 2455 890 2526 olto
906 2483 976 2529 oooe
990 2486 996 2528 :
1009 2461 1071 2530 «Si
1082 2481 1170 2534 vera

175 2604 191 2645 i
217 2577 404 2664 credimus,
418 2579 479 2674 qui
496 2579 835 2673 doeemusSpiritum
849 2581 914 2651 Sa
929 2582 1029 2650 Patre
1040 2591 1075 2652 et
1086 2581 1172 2653 Filio

176 2727 192 2767 o
217 2700 422 2796 procedere,
442 2703 742 2797 arehiepiscopum
758 2703 888 2774 veteris
912 2703 1044 2788 Romae,
1068 2704 1174 2794 juxta

175 2854 194 2892 »
213 2827 446 2898 Florentinum
462 2827 650 2922 synodum,
669 2838 802 2920 putrem
817 2846 895 2898 esse
911 2847 952 2896 ao
965 2829 1174 2920 magistrum

176 2975 192 3015 ›>
217 2950 371 3019 omnium
389 2951 658 3024 christianorum
672 2961 707 3018 et
727 2948 854 3019 Christi
874 2950 1059 3035 vicarium,
1088 2950 1172 3041 qui-

175 3099 191 3138 »
213 3091 282 3164 que
307 3093 349 3142 ea
372 3095 453 3166 quae
471 3076 545 3166 ipse
562 3073 668 3143 sentit
690 3073 861 3146 sentimus
879 3098 886 3141 :
905 3073 1049 3141 Domine
1080 3073 1173 3144 Deus

175 3220 191 3260 n
213 3206 332 3265 noster
345 3196 581 3289 etciOratioi.»
593 3195 657 3267 Via
665 3208 772 3265 autem
784 3220 821 3265 ea
830 3193 1010 3288 precatione
1016 3206 1168 3290 peraeta,

174 3315 311 3386 cadaver
334 3315 472 3388 solutum
495 3333 550 3403 est,
568 3343 630 3388 non
657 3319 725 3388 sine
750 3316 878 3413 inuenti
899 3315 1053 3413 strepitu,
1078 3341 1172 3413 quem

171 3439 311 3536 populns
327 3440 425 3511 anait
445 3441 583 3512 elamore
599 3453 626 3511 et
645 3439 738 3539 fletu.
751 3443 843 3512 Ecce
858 3450 986 3533 negata
1003 3441 1171 3512 miracula

208 3671 418 3738 (l)'1¹ympenitae
441 3681 565 3724 vocentur
587 3670 681 3723 mortui
698 3669 746 3722 sub
764 3669 856 3736 majori
867 3667 1039 3729 anathemate,
1058 3683 1170 3736 quorum

173 3766 278 3818 corpore
304 3753 434 3818 turgentia
449 3753 520 3802 vetut
542 3761 694 3820 tympanum
712 3752 767 3800 visa
785 3757 847 3801 nunt
862 3749 962 3817 pluries
977 3765 1028 3800 nou
1048 3747 1167 3813 disnolvi;

173 3830 301 3902 quomodo
312 3832 488 3897 integritatem
502 3833 572 3882 Petri
581 3834 611 3882 ae
624 3832 694 3882 Luna
703 3830 811 3881 (iamim
824 3831 887 3897 (not,
901 3828 928 3894 l,
940 3829 972 3880 nd
988 3837 1055 3880 orat.
1066 3828 1170 3882 obsolu—
1185 3821 1188 3828 ’

174 3922 222 3965 tor.
239 3920 297 3979 post
319 3919 439 3974 mortem,
452 3926 510 3978 pag.
528 3909 587 3977 ott)
599 3909 717 3962 attribuit
732 3908 887 3960 anathemati
912 3907 961 3958 sub
981 3923 1033 3976 quo
1050 3916 1168 3960 mortuos

172 4000 212 4042 est
223 4000 329 4060 propter
345 3989 454 4042 schisma
467 3990 589 4054 [Rtbernl.
