3148 5132
782 720 817 730 ··
841 701 985 750 mv·-

384 885 476 969 pulos
488 883 579 970 plena
592 878 766 964 corurpturi
781 880 880 953 arant,
899 877 1012 959 integri
1027 874 1211 942 catechismi
1222 872 1373 942 catholici

385 1001 590 1090 opponeretur
603 997 791 1064 antidotum.
808 1024 822 1053 a

852 1226 908 1293 IV.

425 1436 475 1501 14.
497 1432 617 1502 Haila
637 1434 814 1521 generatim
834 1434 938 1515 dictis,
962 1453 1022 1502 non
1045 1435 1101 1501 abs
1124 1452 1158 1500 ra
1182 1435 1244 1503 orit
1265 1437 1375 1521 paucis

383 1555 542 1622 declarare
565 1575 633 1640 quae
647 1557 683 1622 P.
704 1555 820 1622 Ribcra
842 1555 981 1622 docuerit
1005 1554 1043 1620 de
1060 1553 1198 1621 Romano
1212 1555 1376 1624 ··Pontilice

383 1677 511 1762 ejusque
532 1676 658 1761 juribus
672 1693 708 1742 ac
723 1673 949 1759 praerogativis,
963 1673 1076 1757 quidve
1096 1673 1230 1740 senserit
1250 1673 1288 1740 da
1311 1675 1374 1740 Ee·

384 1795 487 1863 clesiae
505 1794 650 1860 hostibus
678 1813 713 1860 ae
742 1794 917 1879 praesertim
942 1793 980 1859 de
1004 1792 1149 1860 Jansanii
1178 1794 1306 1860 asseclis
1337 1813 1373 1860 ac

383 1907 494 1980 corum
504 1911 686 1997 parentibus
700 1909 897 1977 Lutheranis.

397 2057 399 2064 ’
423 2035 556 2102 Romani
568 2033 732 2101 Pontificis
744 2034 818 2119 jura
838 2034 871 2099 in
893 2035 1022 2100 cunctas
1037 2031 1203 2115 Ecclesiae,
1225 2033 1294 2118 ejus
1308 2034 1375 2119 pri-

383 2157 506 2224 matum
514 2173 550 2223 ac
560 2145 593 2220 in
607 2153 742 2221 docendo
755 2151 1019 2220 infallibilitatem
1028 2153 1299 2222 manifestissimis
1305 2175 1375 2222 ver·

384 2276 433 2343 bis
448 2276 586 2344 declarat
597 2275 712 2342 Bibere
722 2263 907 2361 fortiterque
921 2277 1097 2360 propugnat
1116 2277 1150 2342 in
1170 2277 1296 2361 scriptis
1310 2277 1376 2344 suis

384 2395 514 2481 passim,
528 2395 791 2481 quamadmodum
813 2396 847 2463 id
862 2397 999 2463 testatur
1019 2395 1134 2462 ultima
1152 2397 1315 2482 Appendix
1335 2398 1375 2464 ad

386 2522 504 2590 calcem
514 2521 729 2588 linamationis
748 2521 880 2606 adjecta,
895 2523 932 2589 ut
946 2520 1028 2587 nihil
1042 2521 1165 2589 dicatur
1185 2522 1224 2589 de
1238 2523 1375 2592 dominio

385 2637 549 2722 temporali
566 2638 601 2702 in
616 2637 706 2722 cujus
721 2637 856 2722 gratiam
872 2637 1029 2722 duplicem
1050 2637 1192 2705 institnit
1211 2638 1376 2724 fusamque

385 2755 772 2824 dissertationemMerito
780 2757 884 2840 potuit
895 2757 951 2823 ille
962 2758 995 2824 in
1006 2757 1184 2842 praefatione
1194 2757 1287 2824 Echo
1295 2758 1376 2840 fidei

385 2878 424 2944 do
445 2877 648 2944 asscribere:
668 2877 761 2963 «ligo
772 2895 877 2944 veram
895 2877 989 2945 litem
1001 2895 1075 2944 curo
1089 2879 1254 2958 sustineri3
1269 2880 1377 2946 divina

385 2999 479 3066 rerba
499 2999 571 3083 opto
597 2997 734 3075 serrari3
757 2997 918 3082 pontificia
934 2998 1008 3084 jura
1031 2998 1209 3082 spiritualia
1231 3019 1250 3066 a
1271 2999 1376 3067 dubiis

385 3137 498 3206 purga
526 3119 777 3224 temporalisque!
795 3119 847 3186 nix
868 3137 928 3185 non
953 3119 1140 3194 demonstro.
1164 3121 1376 3206 apostolicam

386 3260 493 3310 vocem
517 3262 534 3307 a
558 3242 697 3308 Romano
723 3244 829 3309 centro
854 3242 1020 3322 emissam,
1046 3242 1209 3327 Hispania
1237 3244 1375 3314 fideliter

385 3360 535 3442 auditam,
551 3360 666 3426 calloso
677 3359 842 3428 Moscoviae
853 3362 1063 3447 photianismo
1076 3360 1235 3443 mutilam,
1259 3363 1376 3429 exotico

384 3481 578 3549 Novatomm
606 3477 765 3546 idiotismo
789 3498 851 3546 non
875 3478 1134 3560 confundendam,
1161 3477 1317 3546 Ruthenis
1344 3483 1377 3547 et

386 3599 503 3668 Gracia
516 3598 634 3682 repeto.
660 3625 673 3654 »

427 3721 537 3788 Fidem
551 3720 718 3804 utriusque
738 3718 887 3785 Ecclesia
907 3718 1056 3784 Romana
1070 3719 1103 3784 et
1121 3717 1237 3786 Graeca
1254 3735 1376 3804 semper

386 3857 480 3907 unam
495 3840 699 3923 eamdemque
721 3839 828 3920 fuisso,
847 3847 909 3905 non·
927 3839 1069 3906 obstante
1090 3840 1211 3905 rituum
1225 3858 1261 3906 ac
1282 3859 1376 3906 care-

386 3956 562 4026 moniarum
583 3957 976 4043 criminationesque
995 3957 1133 4026 Romano
1158 3957 1313 4038 Pontifici,
1328 3957 1378 4024 uti
