3148 5132
783 543 947 608 ..18-

370 718 476 802 clesia
493 739 570 790 esse
586 735 707 790 veram
721 713 883 796 salutem,
904 711 1068 786 resistere
1086 736 1156 787 non
1173 717 1361 810 possimus,

370 847 455 940 quin
469 843 656 917 sciscitanti
664 840 822 915 Rutheno
836 840 926 909 hanc
940 835 1046 910 fidem
1057 863 1307 938 proponamus,
1322 867 1365 918 ac

370 987 418 1040 ex
434 965 603 1038 charitate
627 963 760 1050 ceteri,
784 961 981 1052 exjustitia
1003 962 1225 1052 missionarii,
1244 973 1364 1038 tenea-

370 1111 450 1161 mur
466 1086 581 1159 eidem
593 1087 716 1159 saltem
737 1107 808 1157 non
825 1083 1028 1156 dissuadere
1045 1085 1192 1158 electam
1211 1110 1365 1160 conver-

370 1209 521 1295 sionem;
539 1209 610 1279 imo
626 1207 749 1280 sieum
778 1205 1038 1292 induceremus,
1067 1207 1194 1298 injuste
1208 1210 1366 1303 'irrogari

266 1421 268 1424 Ι
370 1330 408 1401 in
426 1351 489 1400 nos
510 1330 663 1424 aliquam
684 1349 838 1425 poenam.
862 1327 927 1412 Qui
950 1325 1044 1398 haud
1064 1328 1238 1399 modicum
1257 1331 1366 1422 jocati

369 1453 416 1527 de
437 1454 536 1548 segni
566 1462 763 1525 nostrorum
791 1448 990 1537 formidine,
1010 1462 1264 1545 reposuerunt:
1295 1475 1364 1526 non

369 1575 485 1648 adhuc
498 1576 636 1649 venisse
649 1595 784 1659 casum,
801 1580 840 1644 ut
853 1573 1182 1667 sicutpuniebantur
1195 1576 1362 1648 Ecclesiae

367 1696 514 1783 subditi,
540 1707 651 1770 morte
675 1697 911 1792 plecterentur
928 1704 963 1766 et
981 1696 1203 1768 missionarii.
1223 1699 1362 1770 Praeti-

318 1831 319 1835 ’
368 1839 450 1890 eum
472 1831 589 1890 tamen
607 1817 682 1890 vidi
710 1818 852 1904 lactum,
877 1821 1010 1910 inquo,
1039 1817 1187 1910 integrae
1216 1818 1360 1890 familiae

368 1938 542 2013 Ruthenae
567 1963 679 2036 nuper
701 1950 783 2012 nota
805 1939 851 2011 ad
876 1939 1063 2011 catholicos
1080 1941 1281 2026 conversim
1301 1941 1363 2012 in-

370 2064 516 2135 cautiori
530 2085 634 2158 quam
649 2063 859 2160 oportuisset
884 2061 1053 2134 catholico
1070 2062 1262 2152 domestico
1277 2086 1363 2158 pre-

368 2184 528 2281 sbytero,
546 2208 610 2259 nec
639 2187 870 2274 missionario,
892 2185 956 2256 sed
984 2206 1005 2256 a
1030 2187 1208 2258 conversis
1221 2186 1364 2258 aliunde

369 2307 784 2406 deduct0‚expulsionem
798 2331 818 2382 e
833 2311 954 2382 Russia
968 2329 1063 2380 mere
1080 2311 1206 2394 attulit,
1220 2310 1363 2382 minime

367 2432 593 2528 martyrium3
621 2443 800 2529 superstes
820 2432 951 2526 quippe
981 2431 1112 2502 residet
1144 2431 1180 2501 in
1207 2433 1360 2518 Polonia,

366 2557 457 2629 siout
471 2557 661 2628 incolumes
676 2554 820 2648 (utinam
834 2556 884 2625 sic
898 2555 933 2624 in
948 2552 1018 2625 fide
1032 2553 1162 2648 firmos)
1179 2552 1274 2626 domi
1289 2577 1364 2628 suae

367 2680 538 2753 mansisse
553 2678 672 2750 audivi
696 2677 885 2751 Ruthenos.
907 2676 1086 2770 Quidquid
1105 2687 1221 2750 tamen
1235 2701 1363 2752 evene·

366 2797 425 2886 rit,
445 2799 563 2871 retices
580 2801 645 2886 illi,
664 2800 725 2895 qui
755 2821 818 2894 pro
843 2798 1008 2871 fratribus
1025 2800 1060 2870 in
1077 2799 1212 2872 Christo
1230 2803 1365 2876 animas

367 2941 449 2994 suas
462 2931 643 3014 ponerent.
657 2921 807 2992 Exteros
821 2921 973 2992 Rutheni
1000 2931 1187 3014 procurant
1204 2921 1249 2994 ad
1265 2943 1364 2994 suam

365 3045 558 3120 Ecclesiam
578 3043 684 3131 trahi,
718 3045 768 3116 nil
786 3055 903 3117 tamen
933 3045 1075 3131 obsunt,
1096 3047 1126 3116 si
1144 3047 1189 3116 ab
1220 3047 1298 3118 aliis
1319 3044 1365 3118 ad
1398 3113 1401 3121 .

366 3167 470 3241 aliam
485 3167 664 3262 contingat
697 3168 829 3241 induci.
851 3169 971 3264 ltaque
991 3171 1132 3256 Turoas,
1157 3169 1362 3261 KalmukoS,

365 3288 599 3386 Tartarosque
624 3293 793 3386 captivos,
821 3293 896 3364 sine
911 3293 948 3364 vi
968 3292 1138 3364 sufferunt
1153 3293 1189 3363 in
1204 3292 1362 3386 qualibet

366 3419 538 3512 religione
557 3419 750 3514 baptizatos
779 3440 979 3491 remanere.
1009 3419 1176 3490 Similiter
1207 3418 1365 3490 luthera·

367 3559 446 3626 nos,
465 3550 524 3612 aut
554 3541 656 3642 alios,
677 3542 834 3614 conuerti
848 3562 869 3613 a
883 3541 1078 3626 catholicis
1099 3549 1134 3612 et
1149 3549 1270 3611 contra
1283 3559 1363 3632 per-

367 3663 482 3738 vertis
502 3685 548 3735 ex
565 3663 727 3758 pluribus
748 3665 853 3736 sectis
876 3665 957 3735 illuc
975 3663 1190 3736 confluentes
1207 3685 1254 3734 ex
1271 3661 1364 3735 vici·
1416 3755 1418 3762 Ι

315 3834 318 3840 -
366 3783 458 3856 niori
468 3785 954 3882 Germania,Anglia,neonon
964 3797 1053 3858 etex
1063 3783 1174 3858 Gallia
1185 3786 1361 3880 profugoe.

366 3904 529 3996 Tantum,
558 3929 633 3980 suae
663 3911 771 3982 semel
785 3909 954 3998 subditos,
973 3910 1048 3982 sive
1072 3908 1259 4003 baptismo,
1288 3907 1364 3984 sive
