3172 5130
778 613 960 678 -ltttt-

375 797 442 869 bus
462 794 547 890 qnid
575 793 731 864 audisset
757 803 792 862 et
817 793 963 866 sentiret
994 797 1125 866 retulit.
1164 796 1372 876 Videntibus

377 919 481 1011 igitur
498 917 846 1008 cunctisooeperunt
864 915 965 1008 digiti
982 915 1136 1010 disjungi
1151 943 1158 1002 ;
1184 917 1264 991 inde
1286 923 1371 996 bra-

376 1042 492 1113 chium
509 1039 686 1112 sinistrum
704 1039 738 1106 in
760 1038 952 1108 naturalem
975 1039 1078 1112 situm
1102 1051 1137 1110 et
1156 1052 1284 1112 motum
1311 1068 1371 1118 ve·

376 1166 475 1235 niens
506 1174 641 1254 poterat
667 1161 804 1232 solitum
831 1161 967 1252 signum
995 1163 1150 1232 crucisa
1182 1168 1296 1258 capite
1323 1171 1368 1239 ad

377 1299 496 1382 pectus
513 1295 548 1354 et
574 1283 736 1354 humeros
755 1283 916 1352 formare.
944 1283 1013 1353 Sed
1039 1295 1075 1353 ut
1101 1285 1297 1358 sensibilius
1316 1291 1367 1360 vi-

376 1407 518 1478 deretur
547 1427 666 1475 manus
697 1404 844 1485 Domini,
866 1405 993 1474 mansit
1024 1405 1138 1477 adhuc
1161 1429 1223 1500 per
1251 1411 1367 1509 piures

375 1529 450 1628 dies
466 1530 598 1599 Cosmae
617 1525 804 1602 immobilis
821 1525 980 1598 dextera.
1002 1529 1183 1613 Paulatim,
1203 1543 1238 1602 ut
1253 1535 1373 1626 vulga-

377 1663 472 1721 retur
500 1651 660 1742 amplius
691 1649 767 1718 haec
793 1668 931 1741 quoque
954 1651 1031 1738 usui
1048 1652 1250 1736 restituitur,
1275 1657 1319 1724 ita
1336 1669 1371 1725 ut

376 1773 490 1842 cuncti
507 1772 567 1864 qui
584 1793 663 1840 eum
678 1769 865 1854 inhabilem
893 1771 938 1839 ad
966 1771 1031 1842 hoc
1050 1784 1230 1853 noverant,
1259 1776 1372 1846 ambi-

375 1894 539 1965 dextrum
556 1891 600 1962 ad
619 1891 731 1961 solute
754 1890 947 1962 formandae
970 1894 1082 1964 crucis
1099 1895 1199 1985 signa
1221 1895 1293 1985 jum
1317 1899 1372 1966 vi-

375 2016 492 2088 deant.

424 2141 602 2231 Opusessc
617 2138 707 2208 illius
720 2138 779 2229 qui
794 2138 828 2205 in
848 2137 977 2208 mundo
990 2149 1218 2233 conversatus
1233 2140 1367 2232 (Matth.

375 2261 451 2344 Xll,
474 2266 530 2343 to,
553 2261 612 2353 23)
628 2259 772 2330 extendi
782 2261 887 2350 jussit
905 2261 1051 2331 hominis
1068 2283 1207 2330 manum
1222 2263 1369 2348 aridam,

374 2386 482 2494 (ioan.
518 2386 577 2476 X),
599 2386 748 2454 latemur
775 2407 855 2452 cum
883 2396 1005 2452 sanato
1037 2385 1102 2454 hoc
1136 2387 1212 2454 viro
1240 2389 1366 2456 cuncti.

375 2508 446 2581 Sed
462 2510 534 2601 ipse
549 2510 607 2600 qui
628 2509 825 2578 facultatem
843 2507 986 2600 piscinae
1006 2507 1195 2600 probaticae
1213 2511 1373 2580 contule-

374 2631 685 2724 ratHierosolymis
701 2629 959 2700 utmultitudini
971 2631 1371 2712 claudorumcaecorum

373 2764 408 2826 et
425 2754 616 2834 aridorum,
637 2763 730 2822 mota
749 2773 811 2844 per
834 2753 999 2842 angelum
1019 2775 1119 2844 aqua,
1137 2766 1370 2839 succurreret,

373 2877 497 2968 ligatas
515 2896 637 2944 manus
654 2895 722 2944 non
747 2873 866 2958 habet,
883 2849 920 2943 ut
940 2875 1179 2946 intercedente
1198 2896 1291 2944 nunc
1304 2895 1371 2944 an-

374 3000 531 3088 gelorum
549 2997 684 3086 regina,
705 2997 841 3066 miseris
867 3016 967 3088 aeque
993 2997 1193 3068 subveniat.
1220 2998 1263 3066 Et
1284 2996 1373 3066 sicut

374 3123 424 3193 illi
442 3123 501 3216 qui
519 3119 681 3190 claudum
705 3141 752 3190 ex
777 3130 877 3190 utero
908 3121 1028 3190 matris
1048 3122 1082 3190 in
1101 3121 1256 3214 speciosa
1271 3131 1372 3212 porta

374 3244 493 3336 templi
513 3243 613 3312 annis
629 3243 786 3334 pluribus
805 3241 979 3326 viderant,
1001 3253 1159 3312 sanatum
1176 3252 1291 3311 tamen
1311 3262 1373 3336 per

374 3367 528 3450 Petrum,
549 3367 584 3433 in
611 3367 692 3436 lesu
715 3365 841 3434 Christi
870 3365 1024 3449 nomine,
1046 3363 1285 3447 mirabantur;
1323 3365 1371 3432 ita

373 3513 452 3562 cum
475 3492 533 3559 illo
552 3489 689 3560 Cosmus
710 3490 767 3560 hic
786 3489 931 3560 laudans
956 3491 1063 3558 Deum
1096 3509 1156 3558 nos
1172 3487 1312 3571 invitat,
1334 3498 1372 3555 ut

374 3613 502 3682 nedum
518 3611 737 3684 intendamus
751 3613 786 3681 in
794 3614 950 3696 Petrum,
964 3610 1026 3682 sed
1036 3620 1071 3680 ct
1082 3611 1116 3678 in
1131 3607 1369 3678 Beatissimam

374 3736 613 3830 Apostolorum
640 3739 811 3828 reginam,
840 3756 920 3828 quae
938 3735 1067 3819 virtute
1081 3752 1242 3827 praesens
1273 3741 1307 3798 et
1334 3731 1370 3798 in

374 3859 682 3952 imaginibusculta
701 3861 762 3931 Dei
777 3869 894 3930 movet
908 3856 1198 3940 misericordiam,
1223 3855 1268 3925 de
1298 3853 1373 3944 ejus

375 3983 552 4057 beneficiis
585 3986 814 4076 gratulemur.
842 3986 1008 4054 Necnon
1042 3981 1144 4052 valde
1163 3977 1369 4062 notandum,
