3148 5132
374 804 564 881 conficiunt
586 805 755 878 coriarii:
777 825 860 898 quae
883 805 1015 878 oraturi
1049 805 1084 876 in
1114 803 1279 878 manibus
1297 807 1371 880 fere

376 928 541 1001 contiuuo
580 938 721 1022 gestant
753 927 915 1014 monachi
953 939 990 998 et
1014 927 1224 1021 quaudoque
1251 931 1373 1002 caeteri

369 1051 475 1122 simili
493 1049 619 1124 ordine
644 1051 849 1146 composita,
872 1061 991 1124 nostra
1009 1071 1051 1122 ac
1078 1049 1251 1122 habemus
1268 1053 1371 1147 signa

373 1175 520 1248 Rosarii.
547 1176 608 1248 His
625 1185 770 1248 utuntur
793 1173 956 1260 llutheni,
979 1173 1114 1246 centies
1141 1173 1272 1270 (plures
1300 1197 1372 1250 nou

374 1303 482 1374 semel
501 1302 535 1374 iu
549 1301 619 1395 die)
638 1301 819 1394 repetituri
836 1298 1091 1372 oratiunculam
1108 1299 1246 1371 solitam
1268 1325 1276 1370 :
1296 1296 1373 1371 Goa-

375 1423 456 1520 pcdi
481 1422 619 1520 pomilui
637 1423 795 1516 (Domine
826 1421 1018 1514 miserere),
1049 1421 1106 1492 vel
1132 1419 1272 1492 Domine
1296 1421 1373 1493 lesu

382 1545 521 1631 Christe,
532 1545 658 1641 iqnuscc
672 1543 755 1614 mitt
766 1543 935 1640 peccatori,
950 1545 1008 1615 vel
1026 1544 1130 1615 aliam
1156 1542 1370 1636 hujusmodi.
1432 1597 1434 1605 .

420 1671 544 1763 Neque
560 1679 678 1740 nostra
692 1669 868 1761 ignorant,
879 1688 945 1737 nec
958 1667 1192 1752 uonlaudaut,
1209 1677 1375 1760 repeten-

379 1794 437 1866 dae
450 1792 675 1865 Salutaticuis
689 1791 925 1885 Angelicaead
938 1791 1258 1883 BeatamVirginem
1274 1791 1375 1883 sigua

282 1893 288 1904 ²
378 1915 527 1986 Rosarii.
555 1914 757 1984 Testaturus
789 1913 838 1996 id,
862 1911 1045 1984 estendam
1079 1910 1255 1982 dubitanti
1285 1913 1376 2006 (prc-

380 2040 513 2116 tiosum.
526 2039 611 2108 mihi
629 2037 736 2130 certe)
757 2036 902 2122 donum,
921 2035 1015 2129 quud
1034 2036 1070 2106 in
1085 2036 1286 2108 memoriam
1300 2056 1374 2108 scr·

379 2159 536 2232 vandum
552 2159 667 2253 recepi
686 2159 846 2230 abiturus
862 2159 1033 2228 ellcscua
1051 2179 1072 2228 a
1088 2157 1204 2230 Nobil.
1227 2155 1375 2226 Domina

248 2384 251 2391 ¹
379 2282 564 2355 Barouissa
583 2281 628 2354 de
645 2283 840 2374 Strogcuov
860 2292 973 2352 matre
994 2307 1002 2350 :
1023 2280 1176 2372 globulis
1192 2279 1374 2352 rubentis-

381 2405 459 2476 simi
487 2407 622 2477 corallii
643 2427 712 2476 nun
730 2404 883 2496 exiguis,
909 2404 1101 2494 interiectis
1128 2425 1192 2497 per
1220 2403 1376 2497 quinque

379 2527 545 2616 decades,
575 2529 721 2621 siugulis
738 2526 850 2598 rimati
876 2524 1061 2599 artificiose
1085 2537 1121 2598 et
1146 2525 1295 2598 inaurati
1313 2545 1386 2596 ar-.

381 2651 491 2740 genti,
514 2651 726 2722 terminante
753 2649 917 2719 corollam
949 2669 996 2720 ex
1018 2647 1169 2741 globulis
1202 2646 1374 2718 similibus

382 2772 530 2843 formata
551 2793 669 2856 cruce,
688 2771 800 2842 serico
831 2771 933 2841 nexis
958 2770 1144 2864 sphaerulis
1167 2769 1372 2856 retinaculo,

381 2915 496 2966 meam
514 2907 685 2990 perpetuo
711 2895 746 2964 iu
766 2895 858 2986 piam
885 2894 1124 2990 illustremque
1144 2894 1301 2986 ejusdcm
1319 2895 1373 2965 ia-

381 3019 514 3090 miliam
528 3021 731 3092 memoriam
747 3019 933 3090 vincituro.
949 3021 1021 3092 Hac
1038 3031 1075 3091 ut
1092 3021 1127 3090 iu
1144 3021 1277 3093 orando
1296 3032 1376 3091 ute-

385 3165 447 3215 rer
471 3147 584 3239 petiit,
603 3165 746 3239 precum
764 3142 809 3214 ad
838 3144 981 3214 Beatam
1007 3144 1188 3236 Virginem
1215 3156 1253 3216 ut
1277 3143 1377 3218 fieret

381 3267 567 3361 particeps
584 3268 668 3338 Fine
686 3287 763 3337 eam
778 3287 848 3337 non
867 3265 1052 3352 iraudah0,
1076 3278 1194 3366 mente
1207 3288 1276 3339 non
1295 3268 1377 3362 pul·

352 3473 356 3484 ι
380 3409 476 3474 sam;
496 3389 577 3459 licet
599 3389 733 3460 Rosarii
758 3389 899 3482 siguum
917 3388 1003 3459 illud
1032 3410 1156 3460 manus
1176 3411 1245 3460 nan
1264 3409 1375 3460 occu-

381 3521 454 3604 pet,
472 3512 697 3604 praestantius
711 3532 815 3605 quam
837 3511 1038 3604 religiosum
1055 3511 1157 3582 decet
1178 3533 1224 3582 ex
1243 3511 1368 3604 pretio.

380 3633 447 3717 Qui
458 3634 561 3704 aliter
573 3634 619 3706 de
634 3637 800 3730 praesenti
813 3628 1093 3730 Rutheui'populi
1107 3635 1153 3706 ad
1166 3655 1283 3705 sacras
1293 3655 1372 3728 pre-

381 3775 440 3826 ces
458 3756 586 3852 pietate
605 3759 750 3846 scribat,
771 3759 930 3830 falsitatis
951 3780 1063 3844 reum,
1085 3773 1141 3830 me
1158 3768 1260 3846 teste,
1282 3779 1372 3830 con·

379 3877 511 3950 victum
525 3881 622 3972 rejici
639 3879 684 3953 ab
702 3881 865 3954 omnibus
877 3882 1022 3976 dignum
1035 3882 1114 3953 erit.
