3124 5126
634 611 798 672 ,85-

219 779 252 850 in
268 778 438 850 consitium
450 775 602 873 theoloqr's
616 789 644 847 et
658 777 735 848 aliis
745 781 814 876 piis
828 781 922 870 ciris,
940 799 997 858 oct
1010 788 1115 861 abusu
1131 819 1212 890 quo·

219 901 294 973 aiom
311 900 531 997 ecstirpondo,
545 900 609 972 sice
627 899 665 971 dc
682 901 727 972 cis
740 911 1099 1000 quastioneiacidcata
1111 917 1213 988 oddi-

219 1023 398 1097 rimcndom
411 1025 667 1110 controversiam,
674 1027 911 1124 metropolitani
919 1047 949 1102 ct
963 1039 1213 1134 comprovincia-

219 1147 300 1218 lium
327 1147 544 1244 cpiscoporum
566 1148 600 1218 in
619 1148 751 1218 concilio
763 1153 961 1245 prouinciali
979 1163 1137 1234 sententio
1151 1189 1210 1235 eco-

217 1282 365 1364 spcctota,
386 1271 493 1340 cultui
507 1271 646 1363 publico
663 1273 834 1361 exhibita,
848 1277 881 1346 in
899 1280 1026 1372 quihus
1040 1285 1086 1354 nil
1102 1287 1211 1358 schis-

218 1394 322 1484 matis
350 1406 409 1466 aut
439 1395 568 1474 erroris
586 1395 706 1466 tuendi
726 1398 925 1471 intendatur
947 1405 1070 1492 foveri,
1092 1411 1157 1480 coli
1176 1423 1210 1482 et

216 1518 380 1588 venerari
396 1539 498 1612 posse
525 1520 618 1590 sensi
637 1522 858 1594 consulturus
883 1523 920 1596 id
942 1529 1126 1604 sciscitatis
1147 1557 1214 1607 ca-

217 1641 368 1712 tholicis.
390 1643 470 1712 Post
506 1641 746 1714 Tridentinum
778 1655 909 1735 autem,
933 1649 969 1721 in
998 1676 1067 1746 quo
1094 1657 1210 1752 (ibid.)

216 1761 418 1856 praecipitur
439 1790 447 1832 :
467 1760 526 1846 att,
544 1761 722 1834 inconsulto
740 1767 945 1840 sanctissimo
957 1771 1106 1846 Romano
1124 1777 1209 1850 Poa-

216 1885 298 1982 ta'ſscc
311 1911 426 1956 novum
441 1899 496 1956 out
506 1883 704 1958 taEcetesia
716 1886 910 1961 inusitatum
922 1893 1207 1992 decerninullius,

168 2073 173 2078 .
217 2011 353 2082 etiamsi
371 2031 457 2081 vere
474 2022 613 2083 sanctus
631 2013 726 2106 apud
748 2015 857 2086 Deum
871 2018 975 2106 esset,
1004 2023 1084 2096 licet
1100 2028 1213 2100 cultus

100 2103 115 2130 ⁰
216 2153 315 2202 socer
337 2143 396 2204 aut
421 2135 668 2206 miraculorum
686 2137 840 2210 solennis
867 2142 1084 2235 pradicatio,
1106 2151 1210 2223 sicuti

217 2277 281 2326 nec
296 2255 341 2326 ad
359 2256 522 2328 eumdem
553 2280 688 2352 preces,
709 2262 903 2338 inconsulta
928 2269 1011 2342 sede
1041 2275 1208 2347 Romana.

217 2378 268 2449 lta
289 2379 424 2450 censuit
441 2381 475 2450 S.
497 2363 563 2453 Rit‘.
584 2381 709 2475 Congr.
733 2384 835 2478 (apud
865 2390 1059 2464 Remissioa.
1078 2395 1215 2467 Barbo-

216 2519 280 2584 sae,
293 2497 606 2594 ibid.):Socctorum
616 2503 746 2575 scilicet
759 2505 913 2604 reliquias
926 2514 1079 2611 antiquos
1095 2515 1212 2588 liuben-

215 2620 351 2693 duscsse
363 2623 398 2694 in
413 2623 692 2709 clameciacum,
710 2652 774 2724 quc
786 2644 917 2703 cotenus
927 2633 1078 2730 [ceruum
1096 2641 1127 2710 si
1139 2667 1213 2712 cero
1236 2627 1238 2632 ⁵

215 2767 307 2816 nouae
314 2745 449 2842 fuerint,
464 2745 629 2842 episcopos
641 2764 822 2822 servaturos
831 2779 896 2826 esse
909 2755 1071 2830 decretum
1078 2760 1209 2858 synodi.

217 2869 284 2939 Pro
310 2871 563 2942 recentioribus
589 2873 667 2944 latis
693 2877 872 2951 Pontificis
893 2881 1044 2956 decretis
1079 2907 1212 2958 consu-

216 2991 331 3067 lantur
348 3008 520 3068 auctores.

229 3181 232 3188 ,
266 3117 357 3209 Erga
374 3121 518 3195 Sanctus
546 3125 653 3218 igitur
678 3125 844 3197 colendos
869 3128 1067 3222 horumque
1095 3131 1209 3222 signa,

217 3235 364 3309 Rutheui
394 3241 670 3317 iconomachiam
696 3257 732 3318 et
759 3248 1013 3340 agiomachiam
1045 3253 1211 3327 luthera-

217 3384 298 3433 nam
315 3365 490 3458 detestati,
504 3393 569 3443 nec
585 3394 655 3444 non
670 3374 809 3444 Latinos
822 3375 1137 3470 antiquosSanctos
1151 3401 1212 3451 ve-

216 3489 330 3558 nerati
358 3492 583 3586 (nuperorum
611 3505 689 3590 post
731 3496 933 3568 Graecorum
960 3498 1114 3570 schisma
1149 3499 1212 3572 vix

215 3626 344 3679 nomeu
362 3617 569 3710 noscentes),
591 3639 713 3690 verum
732 3620 906 3690 sustinent
922 3620 1065 3713 dogma.
1090 3623 1125 3691 S.
1144 3622 1211 3690 Ni-

215 3727 483 3828 colaum'(nobis
497 3741 712 3836 Barensem)‚
725 3741 932 3838 Epttttyrae,
951 3743 1044 3814 inter
1061 3753 1213 3815 caeteros

214 3859 394 3930 extensius
419 3861 618 3934 invocatum
637 3866 887 3960 specialissime
905 3867 1073 3937 recolunt.
1096 3868 1213 3952 Quot·

214 3990 298 4071 quot
315 3980 503 4056 Lutheraui
519 3989 720 4084 scriptores,
740 3988 815 4062 sive
832 3988 943 4075 fictos,
960 3990 1035 4062 sive
1049 4011 1095 4061 ex
1111 3991 1210 4084 iguo-
