3124 5126
408 752 527 837 unius,
549 748 612 821 sed
632 749 786 844 plurium
816 761 1026 822 accusantur
1046 775 1067 824 a
1096 755 1289 828 lutheranis
1318 759 1411 829 scri-

407 873 579 967 ptoribus.
615 872 736 965 Neque
763 869 831 942 huc
866 873 972 943 refert
1009 895 1230 946 communem
1271 877 1410 949 carita-

342 995 345 1000 ’
409 1009 493 1081 tem,
523 1013 593 1088 qua
616 1014 679 1086 pro
704 992 878 1065 defunctis
898 997 1054 1066 Ecclesia
1079 1008 1170 1084 orat,
1191 1021 1211 1069 a
1237 999 1410 1071 Luthera·

407 1139 532 1191 norum
559 1117 715 1192 dicteriis
746 1117 939 1188 vindicare.
977 1120 1098 1190 Plures
1134 1121 1200 1191 hoc
1230 1109 1404 1212 fecerunt,

407 1243 535 1336 quibus
568 1220 869 1326 connumerabor,
904 1242 1002 1314 lectis
1028 1264 1109 1337 quae
1141 1266 1247 1338 supra
1279 1247 1408 1341 scripsi

408 1365 501 1437 circa
514 1377 642 1461 quaest.
661 1365 779 1437 LXVl.

456 1488 656 1580 singularia
687 1485 925 1558 Ruthenorum
955 1505 1039 1577 erga
1064 1496 1220 1558 mortuos
1246 1511 1327 1561 suos
1349 1467 1406 1586 pia

406 1608 518 1679 officia
535 1609 592 1680 hic
605 1610 708 1678 liceat
723 1607 773 1676 eis
791 1618 966 1699 repetere,
986 1606 1114 1699 quibus
1130 1608 1246 1680 minus
1263 1625 1407 1704 accepta

406 1712 453 1802 sit
467 1731 718 1814 controversia,
737 1750 841 1822 quam
857 1729 1016 1800 historia.
1039 1732 1194 1801 Servatis
1206 1732 1300 1804 domi
1315 1737 1405 1807 ultra

406 1854 489 1924 alibi
516 1856 653 1926 solitum
676 1851 920 1939 cadaveribus,
936 1853 1041 1942 juxta
1067 1853 1235 1948 cujusque
1262 1867 1403 1944 statum,

405 2000 530 2072 preces
561 2001 624 2072 pro
654 1978 802 2048 mortuis
831 1977 903 2046 suis
925 1987 1030 2067 eriget
1049 1977 1210 2047 Ruthena
1235 1977 1403 2066 devoti03

407 2106 561 2199 dumque
579 2109 792 2198 sepulturam
818 2104 1022 2196 corporibus
1040 2103 1310 2175 ecclesiasticam
1330 2107 1403 2176 dif-

406 2233 488 2318 fert,
508 2233 673 2326 pietatem
691 2233 726 2300 in
758 2251 857 2299 caros
885 2249 965 2298 suos
980 2229 1110 2298 diutius
1128 2241 1284 2303 exercet.
1302 2231 1405 2302 Occa-

408 2355 542 2425 sionem
560 2375 664 2446 quam
683 2365 807 2423 natura
827 2349 988 2420 hiemalis
1013 2351 1058 2420 ad
1075 2351 1141 2421 hoc
1155 2353 1332 2445 praestitit,
1349 2377 1406 2426 ars

407 2480 544 2564 aestiva,
562 2499 624 2570 pro
637 2478 768 2571 quibus
780 2498 848 2545 non
864 2473 963 2544 obest
978 2475 1110 2568 inopia,
1128 2478 1300 2547 extendit
1314 2479 1405 2550 Con-

406 2602 522 2692 gelata
539 2621 686 2693 corpora
716 2609 874 2670 servaret
901 2597 1060 2690 pluribus
1086 2601 1266 2670 mensibus
1293 2603 1402 2695 frigus

406 2721 549 2792 boreale
565 2725 781 2816 incorrupta.
799 2720 893 2812 (Tale
908 2719 1000 2790 istud
1018 2731 1084 2801 est,
1104 2701 1404 2807 utoffan1,cibos-

308 2929 311 2942 Ι
406 2865 475 2936 que
490 2845 575 2914 alios
605 2855 723 2915 coctos
754 2846 788 2912 in
818 2845 970 2927 Moscua,
1001 2853 1134 2912 tantum
1169 2845 1405 2916 calefacienda

407 2967 621 3037 comederim
640 2978 716 3060 post
749 2966 1022 3058 sesquimensem
1050 2965 1083 3033 in
1104 2965 1314 3062 Warsavia.)
1341 2970 1406 3040 Per

406 3089 647 3160 hebdomadas
665 3091 783 3184 plures
802 3088 884 3158 inde
906 3088 1118 3181 sepulturam
1137 3086 1317 3176 differunt,
1342 3093 1403 3184 qui
1426 3104 1430 3113 “

406 3211 637 3308 presbyteros
672 3213 847 3283 advocare
873 3219 1030 3304 possunt,
1071 3220 1109 3281 ut
1141 3231 1205 3304 pro
1239 3211 1405 3285 defuncto

407 3347 521 3406 orent.
541 3339 578 3406 ln
598 3345 720 3408 aestate
738 3334 774 3406 id
795 3356 851 3404 ars
872 3334 1021 3428 supplet,
1042 3333 1220 3427 supposita
1242 3333 1407 3409 cadaveri

407 3478 488 3529 arca
503 3459 585 3552 gelu
605 3459 721 3552 plena,
738 3480 842 3551 quam
868 3456 1002 3548 obtegit
1027 3457 1165 3548 nigrum
1179 3457 1310 3528 velum.
1332 3461 1407 3531 lta-

407 3604 475 3675 que
495 3593 712 3676 praeservata
731 3593 931 3672 magnatum
955 3581 1055 3673 (sicut
1077 3578 1153 3650 vidi
1174 3587 1312 3652 mortno
1331 3581 1406 3652 lm-

288 3755 291 3762 ·
407 3716 584 3800 peratore,
604 3705 709 3796 hujus
725 3725 857 3788 sorore,
874 3713 909 3774 et
935 3703 1012 3773 aliis
1031 3703 1200 3796 pluribus)
1215 3703 1402 3800 cadavera,

408 3819 533 3900 diebus
548 3827 708 3922 pluribus
730 3837 970 3920 exponuntur,
997 3825 1095 3918 quasi
1109 3825 1145 3894 in
1163 3825 1254 3898 lecto
1271 3827 1408 3898 dormi-

409 3961 501 4040 rent,
520 3951 743 4024 concurrenti
755 3950 799 4021 ad
814 3973 937 4022 manus
951 3951 1106 4021 osculum
1120 3951 1258 4044 populo.
1274 3950 1406 4022 Locan-
