3124 5126
558 979 697 1046 OAPUT
722 981 848 1048 XXIII.

535 1270 654 1346 Status
669 1271 887 1346 monasticus.

257 1576 462 1648 Coelibatum
481 1575 769 1669 presbyterorum
800 1575 954 1649 Ecclesia
974 1577 1145 1661 Ruthena,
1168 1577 1202 1646 in

206 1696 274 1767 hoc
286 1719 427 1791 quoque
441 1699 515 1770 sine
531 1699 617 1768 vitio
631 1698 766 1782 Graeca,
792 1721 862 1770 nou
885 1698 1067 1792 praecipit3
1089 1719 1204 1770 sacer·

207 1821 308 1894 dotes
327 1836 445 1895 tamen
462 1823 527 1894 hos
553 1832 679 1916 nuptos
701 1822 800 1917 (quos
826 1847 901 1918 prae
919 1823 997 1893 aliis
1016 1825 1203 1894 saeculares

208 1947 380 2040 dicamus)
410 1947 553 2017 omnino
574 1947 692 2016 coelibi
719 1947 968 2017 monachorum
996 1947 1204 2041 perfectioni

208 2070 397 2164 postponit.
419 2069 546 2154 Quidni
563 2070 598 2139 in
622 2070 689 2140 hoc
706 2070 883 2140 Ruthenos
901 2068 1097 2155 laudemus,
1117 2091 1206 2163 quo·

208 2216 284 2263 rum
305 2195 474 2278 Ecclesia,
504 2195 592 2265 sicut
620 2196 785 2280 Romana,
803 2195 1048 2288 perfectiorem
1072 2207 1199 2266 statum

208 2317 448 2387 monachalem
474 2337 687 2410 supponens,
720 2315 813 2386 hunc
837 2317 941 2388 etiam
968 2317 1002 2386 in
1029 2320 1200 2390 exteriori

207 2439 403 2512 hierarchia
422 2439 649 2512 saeculathus
663 2439 799 2510 clericis
817 2442 1005 2533 praeferat?
1020 2444 1036 2514 J
1041 2453 1115 2514 uste
1129 2465 1201 2514 mo-

208 2563 311 2634 nachi
327 2563 579 2634 exhumilitate
592 2561 729 2633 caeteris
742 2544 973 2647 demittimur;
992 2563 1203 2636 laudandam

159 2719 162 2726 ’
208 2696 325 2756 tamen
353 2686 468 2757 dicam
493 2687 620 2777 legem,
650 2704 731 2778 quar
754 2684 830 2756 allis
852 2685 1012 2778 praeferri
1041 2687 1204 2765 decernit

206 2817 350 2892 statum,
370 2829 473 2902 quem
493 2808 736 2902 perfectiorem
754 2792 930 2901 supponit.

258 2933 312 3002 Ex
329 2931 555 3004 saecularibus
570 2932 692 3003 Russia
713 2932 846 3001 nullum
862 2931 1062 3024 episcopum
1082 2932 1204 3027 praeli·

209 3057 278 3130 cit:
299 3080 345 3128 ex
362 3056 543 3128 monachis
565 3077 697 3126 omues.
722 3056 801 3125 Sola
820 3056 1120 3150 protopresbyteri
1145 3056 1197 3128 di·

210 3180 326 3273 gnitas
344 3180 413 3253 illis
439 3189 534 3274 patet
558 3180 592 3248 in
616 3178 771 3249 ecclesiis
794 3176 1074 3263 cathedralibus;
1099 3202 1206 3274 paro-

211 3301 301 3374 chiae
319 3325 459 3397 qnoque
474 3325 537 3397 per
553 3300 696 3373 eosdem
712 3301 1014 3388 administrantur,
1030 3322 1118 3394 quos
1132 3301 1206 3372 Po-

207 3449 271 3521 pus
285 3437 382 3498 vocat
401 3427 562 3521 populus,
583 3434 623 3494 et*
641 3424 791 3516 majores
810 3422 1021 3518 Protopopus.
1044 3422 1206 3494 Monaohi

210 3559 363 3620 renuunt
396 3549 569 3620 nominari
597 3547 772 3630 Basiliani,
809 3567 870 3618 seu
896 3546 1041 3616 humani
1065 3545 1209 3618 alterius

210 3673 371 3753 instituti,
396 3672 553 3744 dicentes
572 3671 701 3764 (necin
724 3670 791 3741 hoc
821 3670 872 3742 eis
888 3668 1115 3762 dIssentiam),
1137 3692 1207 3742 non

211 3819 289 3870 esse
314 3802 441 3866 statum
477 3815 599 3866 eorum
632 3793 676 3864 ab
713 3793 791 3864 aliis
821 3793 1012 3885 inceptum,
1041 3813 1146 3883 quam
1184 3816 1205 3866 a

212 3922 350 3994 Christo
366 3929 402 3990 et
417 3917 613 4015 Apostolis;
630 3909 822 4013 collapsum
837 3915 901 3987 etsi
916 3925 1034 4010 postea
1048 3917 1083 3987 S.
1102 3917 1205 3990 Basi-
