3124 5126
611 579 652 593 -
675 545 734 608 lta
761 581 794 592 -

220 747 324 819 qnam
360 725 547 796 ediderunt
576 723 806 808 Bollaudiani,
838 727 913 796 Act.
939 725 1014 810 SS,
1034 735 1115 795 tom.
1151 727 1201 796 ll.

219 836 359 929 Martii).
1114 880 1118 888 ·

228 1007 234 1016 -
267 958 442 1028 Chersone
457 956 501 1026 ad
516 957 690 1030 Khanaros
705 955 940 1050 proficiscens,
963 958 1210 1030 Constantinus

207 1079 357 1150 ‘obviam
377 1081 473 1149 venit
494 1083 681 1174 Hungaris
704 1079 866 1174 aquibus
888 1093 1000 1150 tamen
1020 1080 1104 1148 nihil
1126 1081 1208 1150 mali

217 1225 338 1297 passus
364 1203 461 1274 abire
479 1207 665 1296 permissus
681 1216 732 1276 est
761 1205 821 1298 (C).
842 1205 944 1298 Apud
971 1203 1208 1274 Khazarorum

220 1326 344 1397 ducem
373 1324 625 1420 disputationes
641 1325 763 1396 habuit
780 1347 856 1395 curn
875 1327 1137 1418 sapientissimis
1158 1327 1211 1396 in·

201 1473 203 1476 ·
220 1459 275 1549 ter
292 1449 502 1534 Saracenos,
517 1449 722 1519 Mahometis
750 1449 877 1542 placita
906 1459 1079 1518 sectantes
1095 1461 1130 1518 et
1146 1450 1212 1520 lu-

220 1571 329 1644 daeos.
347 1573 434 1656 Quae
456 1573 604 1662 integrae
620 1572 843 1643 inveniuntur
857 1571 891 1640 in
907 1571 1004 1642 libris
1021 1569 1066 1641 ab
1087 1571 1212 1644 eodem

220 1699 370 1790 scriptis,
387 1707 422 1766 et
448 1697 593 1766 alratre
620 1718 682 1768 suo
708 1695 886 1766 Methodio
910 1697 1083 1767 translatis
1109 1715 1149 1767 ac
1176 1697 1211 1768 in

221 1829 301 1888 octo
320 1827 436 1910 partes
454 1817 585 1888 divisis.
1009 1794 1012 1800 ¹

273 1914 418 2010 Fructus
431 1939 704 2032 disputationum
721 1940 789 2010 tuit
808 1941 885 2024 iste,
900 1949 938 2009 ut
955 1937 1119 2032 baptizati
1137 1937 1212 2008 lue·

223 2061 295 2132 rint
322 2063 390 2132 viri
409 2062 552 2133 ducenti
575 2063 728 2149 circiter,
745 2064 825 2134 data
853 2063 963 2134 cuivis
980 2063 1118 2133 licentia
1150 2083 1209 2155 pe-

177 2197 179 2201 ’
224 2185 319 2255 tendi
334 2183 527 2278 baptisma;
547 2187 616 2257 illis
644 2207 729 2258 vcro
747 2188 804 2280 qui
835 2185 1058 2256 christianam
1078 2186 1214 2278 religio·

194 2328 303 2378 'nem
333 2329 412 2378 curn
441 2307 582 2378 Iudaica
605 2319 664 2378 ant
693 2307 933 2378 Mahnmedica
961 2319 1211 2400 permutarent,

225 2415 386 2522 capitalis
404 2449 506 2521 poena
526 2431 670 2501 indicta.
692 2431 733 2502 In
751 2429 879 2515 reditu,
900 2451 978 2499 cum
996 2429 1051 2498 siti
1072 2449 1215 2522 preme-

223 2565 334 2638 retur,
352 2576 476 2646 aquam
490 2556 615 2626 salsam
630 2555 667 2626 in
689 2554 826 2626 dulcem
856 2553 1017 2648 precibus
1035 2553 1081 2624 ad
1108 2555 1215 2625 Deum

223 2675 308 2746 fusis
324 2677 483 2746 mutavit.
506 2671 691 2749 Chersonae
720 2687 866 2748 mortem
887 2675 1051 2770 praedixit
1078 2675 1213 2744 archia·
1246 2725 1248 2730 -

225 2799 364 2894 piscopo
382 2800 497 2890 gentis
513 2799 738 2886 Phullenssis,
755 2799 931 2894 finemque
958 2799 1122 2890 imposuit
1140 2799 1215 2868 cul·

226 2935 275 3004 tui
294 2935 547 3032 superstitioso,
563 2956 667 3028 quern
682 2935 829 3029 quercui
847 2953 987 3026 magnae
1003 2932 1102 3002 molis
1128 2931 1215 3002 red-·

224 3057 355 3131 debant
375 3057 562 3152 indigenae.

275 3181 541 3278 Cpolimredux,
556 3182 599 3253 ad
610 3181 705 3254 aedes
716 3183 777 3258 ,SS.
799 3180 1044 3273 Apostolorum
1061 3191 1216 3251 moratus

227 3305 279 3377 est
305 3306 550 3378 Constantinus
575 3307 634 3399 (C).
666 3304 846 3378 Methodio
865 3326 961 3388 vern,
981 3303 1216 3399 episcopalem

226 3426 432 3521 dignitatern
478 3419 665 3514 recusanti,
698 3427 853 3498 oblatum
888 3435 940 3496 est
969 3424 1216 3496 monasterium
1257 3401 1261 3410 ⁴

157 3595 158 3598 =
227 3551 436 3645 Polychron,
472 3551 529 3622 ubi
564 3553 786 3644 septuaginta
822 3535 958 3620 sodales
982 3545 1217 3618 numeraban-

228 3684 285 3744 tur
316 3673 388 3767 (tlt).
410 3675 484 3758 Quo
518 3689 672 3766 ternpore
701 3672 942 3744 Constantinus
973 3672 1218 3762 interpretatus

228 3819 303 3868 esse
322 3797 450 3868 dicitur
483 3797 528 3890 (C)
557 3797 831 3889 inscriptionem,
860 3794 896 3862 in
928 3793 1035 3864 calice
1066 3791 1214 3885 quadarn

229 3919 348 4013 templi
362 3918 399 3992 S.
422 3921 560 4012 Sophiae
574 3931 752 3990 exaratam
767 3915 890 3988 litteris
921 3913 1094 3985 hebraicis
1112 3923 1147 3984 ct
1160 3927 1217 3985 ta-
