3124 5126
816 629 969 692 ..34-

386 793 520 886 eisdem
539 796 665 887 quibus
690 795 779 865 Deus
807 794 948 865 aliunde
972 816 1012 865 ea
1032 817 1101 864 nun
1128 797 1301 868 subtrahit
1327 799 1386 869 :si

387 925 597 1008 expetantur
623 917 658 986 in
677 915 933 988 confirmandos
958 937 1097 988 errores
1124 917 1387 1012 ferendumque

386 1039 550 1125 schisma,
575 1038 662 1110 sicut
691 1041 736 1110 ab
767 1041 832 1110 hue
864 1039 1024 1110 Rutheuo
1058 1041 1094 1108 in
1123 1040 1282 1111 oratione
1310 1042 1385 1134 ipsa

387 1161 621 1232 schismatico.
648 1163 761 1247 Tales,
784 1155 1008 1246 ut'SanctOS,
1028 1164 1184 1234 nonnisi
1209 1165 1385 1258 supersti-

388 1285 572 1356 tiosissime
589 1298 781 1378 exponeret
811 1285 951 1368 Russia,
979 1285 1113 1356 etiamsi
1129 1287 1255 1380 aliquis
1280 1307 1385 1358 orans

383 1408 487 1496 juxta
507 1411 601 1502 pium
620 1431 694 1480 suaa
707 1409 876 1479 Ecclesiae
895 1408 1015 1490 ritum,
1032 1409 1239 1479 miraculum
1255 1411 1386 1480 laceret

386 1532 599 1624 tympanitas
612 1532 799 1602 absolvens
818 1559 824 1600 :
844 1528 937 1601 istud
955 1530 1084 1600 etenim
1101 1541 1241 1601 sanetas
1271 1542 1384 1604 testa-

386 1662 484 1722 retur
499 1675 636 1746 preces,
656 1674 726 1724 non
741 1653 868 1722 virum.
883 1653 1011 1736 Quare,
1032 1653 1068 1723 in
1082 1654 1237 1724 Romana
1255 1654 1383 1724 Eecle-
1426 1664 1431 1672 '

385 1779 435 1848 sia
466 1779 562 1872 prius
584 1779 833 1849 examinantur
859 1778 1007 1848 virtutes
1021 1779 1139 1849 Sancti
1164 1779 1380 1864 declarandi,

387 1919 491 1990 quam
511 1900 679 1971 miracula
692 1927 699 1983 ;
712 1919 793 1992 quae
811 1900 925 1968 forsan
941 1898 986 1968 ab
1000 1919 1042 1969 eo
1056 1899 1121 1970 etsi
1138 1901 1257 1993 impio,
1276 1902 1385 1974 veluti

387 2019 451 2089 Dei
467 2020 640 2106 ministro,
671 2031 805 2114 patrata
838 2020 976 2090 fuerint.
1003 2021 1088 2091 Haec
1105 2021 1141 2090 in
1170 2023 1293 2092 Russia
1312 2043 1383 2093 non

386 2141 554 2228 deficere,
571 2143 709 2216 ostendi
728 2145 763 2213 in
783 2164 861 2214 meo
875 2142 1039 2237 Responsa
1055 2141 1319 2242 Autapclopetico
1338 2143 1383 2214 ad

386 2264 485 2359 epist.
505 2265 647 2336 Budcloei
662 2267 760 2360 (sect.
774 2267 830 2347 lV,
847 2288 884 2337 n.
902 2267 964 2337 ult.
982 2288 1062 2359 pag.
1084 2268 1167 2360 466)
1181 2268 1238 2361 (l),
1254 2269 1382 2338 sactum

386 2389 473 2462 illud
488 2392 644 2462 reserens
659 2411 751 2460 anno
767 2386 861 2462 r730
875 2390 909 2459 in
926 2390 1135 2460 munasterio
1149 2389 1305 2477 Trcitzoe,
1320 2413 1384 2484 pru

385 2513 666 2588 commendanda
694 2515 822 2608 pietate
849 2513 964 2584 cultus
986 2513 1175 2604 imaginum
1203 2542 1210 2583 :
1239 2515 1383 2608 quaudo

385 2639 577 2711 Lutherani
615 2637 764 2728 vulgatis
799 2635 947 2708 Buddaei
986 2636 1125 2730 scriptis
1164 2637 1383 2708 conabantur

386 2761 549 2834 eumdem
569 2759 846 2854 superstitiosum
871 2760 1049 2845 evincere3
1071 2761 1151 2853 quia
1177 2772 1286 2832 tutam
1304 2760 1381 2832 vult

385 2885 478 2955 Deus
491 2905 512 2955 a
525 2883 775 2954 lutheranismo
791 2867 1036 2953 saltem'fidem
1052 2885 1228 2954 veneratis
1248 2885 1382 2978 imagi·

387 3003 490 3076 nibus
507 3017 542 3075 et
564 3005 701 3075 Sanctis
720 3003 755 3073 in
786 3003 924 3089 Russia,
956 3004 1044 3074 sieut
1069 3024 1139 3074 non
1157 3007 1386 3096 praevaliture

386 3126 652 3198 mahumetismo
683 3124 850 3194 miracula
883 3124 956 3217 ipse
985 3125 1129 3218 opponit
1162 3125 1197 3194 iu
1230 3126 1379 3199 Graeeia.

437 3250 582 3319 Sanctus
600 3249 717 3342 itaque
744 3247 936 3318 nationales
963 3247 1153 3333 Ruthenos,
1184 3261 1243 3319 aut
1261 3271 1382 3322 eorum

388 3368 566 3462 reliquias,
584 3370 661 3440 sive
680 3367 906 3464 praedicanda
920 3369 1098 3455 miracula,
1111 3369 1186 3454 rite,
1199 3382 1280 3442 ante
1297 3374 1384 3445 alias

386 3497 474 3566 latas
491 3493 537 3564 ab
555 3493 712 3564 Ecclesia
726 3463 823 3584 leges
832 3491 954 3584 lsicuti
967 3492 1121 3586 loquitur
1137 3493 1379 3568 Tridentiuum

387 3639 474 3690 sess.
496 3640 586 3704 xxv,
603 3616 700 3689 decr.
719 3616 764 3687 de
778 3618 912 3688 invent.
933 3627 968 3688 et
986 3627 1141 3688 venerat.
1161 3640 1207 3690 ss,
1230 3620 1329 3713 reliq.
1346 3631 1381 3692 et

387 3742 563 3835 imagin),
580 3738 619 3810 ab
636 3740 781 3836 episcopo
799 3740 976 3837 approbata
989 3751 1019 3810 et
1033 3740 1208 3836 recoquita,
1221 3741 1380 3815 adhibitis

423 4004 458 4070 (l)
474 4003 581 4073 Append
608 4005 654 4058 xt.
