3172 5130
455 1217 594 1306 ADN
606 1215 998 1309 OTATIONES·

270 1557 316 1623 nd
329 1575 398 1642 pag.
416 1553 434 1616 1
451 1552 708 1644 hin.10.Phrasis
732 1555 925 1622 subobscura.
954 1558 1094 1623 hlludere
1108 1558 1228 1625 videtur
1281 1583 1284 1590 ·

233 1653 301 1718 mihi
326 1660 430 1717 auctor
456 1645 494 1711 ad
519 1660 617 1732 partes
641 1651 864 1734 protestantium
889 1653 948 1737 qni,
976 1665 1119 1736 regnante
1144 1655 1228 1718 Anna

236 1742 455 1832 (tuat-174⁰),
470 1761 564 1805 rerum
590 1744 675 1826 potiti
700 1745 760 1821 iere
786 1746 878 1809 totius
893 1745 1005 1829 imperii
1031 1746 1237 1830 gubernacula

237 1843 389 1918 tenebant,
405 1859 574 1924 summoque
588 1841 656 1905 odio
670 1841 922 1926 persequebantur
943 1839 1133 1928 quoscunque
1151 1845 1229 1908 indi-

237 1959 328 2025 genas
341 1937 370 2000 in
395 1935 570 2000 catholicam
596 1937 767 2018 religionem
792 1957 963 2021 propensos,
981 1939 1115 2020 adjutore
1130 1939 1230 2004 Theo-

234 2036 330 2121 phane
350 2029 577 2114 Prooopovitoh,
594 2031 812 2116 archiepiscopo
831 2031 1065 2116 Novgorodenst
1081 2034 1233 2117 insignitor

227 2123 593 2195 ‘lutheraniranteReoole
605 2127 729 2192 dicenda
744 2129 772 2190 in
782 2127 885 2191 ultima
899 2129 1099 2208 adnotatione,
1113 2151 1142 2214 p.
1159 2132 1232 2197 tot.

166 2217 170 2224 ’
276 2223 350 2306 Peg.
368 2223 387 2284 h
402 2221 452 2284 lin.
467 2221 497 2282 9.
521 2219 714 2284 Stnardorum
741 2223 830 2304 rogia
856 2224 972 2287 familiae
998 2226 1138 2307 sanguine
1160 2228 1231 2310 jun-

234 2329 313 2380 otum
322 2315 412 2378 fuisse
422 2314 526 2377 ducem
543 2313 580 2378 do
595 2313 672 2378 Liria
682 2314 807 2379 diximus
818 2317 847 2381 in
858 2318 1042 2400 pretatione,
1064 2332 1185 2402 agentes
1196 2323 1233 2387 do

235 2412 299 2492 ejus
314 2409 462 2492 legatione
481 2408 510 2471 in
525 2407 658 2472 Russiam
670 2410 765 2493 deque
787 2411 926 2474 concione
940 2431 958 2474 a
972 2410 1005 2474 P.
1022 2411 1130 2475 Rihera
1143 2413 1226 2476 Mos-

231 2527 296 2591 qua
306 2504 418 2580 hahita,
435 2503 481 2566 dic
499 2502 538 2566 10
553 2501 623 2566 Julii
638 2501 669 2566 S.
685 2501 797 2566 Jacobo
817 2504 951 2588 apostolo
966 2525 1059 2570 soora.

271 2600 345 2684 Pag.
373 2601 409 2660 11
435 2597 487 2662 lin.
516 2596 565 2658 rt.
594 2596 827 2660 Patriarcharum
869 2597 1088 2683 Mosqnensinm
1121 2602 1230 2690 seriem!

231 2695 343 2761 orditur
358 2693 476 2778 quidem
490 2692 547 2756 Joh
562 2692 760 2777 metropolita,
778 2703 809 2756 at
829 2695 945 2756 nonnisi
969 2693 1006 2757 ah
1028 2715 1104 2759 anno
1124 2696 1223 2775 tosta

232 2791 418 2874 dianamque
434 2787 470 2850 tt
492 2785 623 2850 Januarii
650 2786 736 2869 hujus
762 2787 829 2850 enni
850 2788 880 2850 in
902 2790 1097 2872 patriarcham
1116 2791 1226 2856 electus

231 2887 287 2950 fuit
301 2905 319 2948 a
331 2882 453 2948 concilio
462 2881 501 2945 ad
512 2879 567 2946 hoo
577 2881 726 2944 celebrato
740 2881 882 2965 Mosquae‚
894 2881 941 2946 die
956 2903 1027 2948 vero
1042 2885 1081 2945 23
1096 2885 1226 2966 ejusdem

231 2979 338 3042 mensis
352 2973 518 3041 solemniter
535 2975 756 3038 inthronisatus.
781 2974 876 3058 Ipsius
896 2986 993 3039 tamen
1011 2977 1227 3074 patriarchatus

230 3072 313 3136 initia
334 3071 445 3135 ducunt
459 3069 577 3154 quidam
599 3069 637 3132 ah
649 3089 724 3132 anno
741 3067 834 3145 1588,
857 3089 916 3152 quo
935 3071 1085 3134 Mosouam
1104 3071 1226 3136 advenit
1293 3073 1295 3078 ’

229 3167 402 3242 Hieremias,
417 3164 584 3249 patriarcha
600 3164 784 3248 Cpolitanus,
795 3182 894 3226 seeum
906 3163 1029 3228 afferens
1044 3164 1192 3229 decretum
1206 3186 1225 3229 a
1343 3175 1346 3180 '

231 3265 342 3330 caeteris
365 3255 489 3349 quoquc
509 3261 683 3347 patriarchis
709 3259 830 3324 orientis
855 3260 1063 3346 subscriptum,
1088 3263 1124 3347 de
1146 3283 1224 3329 novo

229 3362 285 3426 hoc
304 3361 506 3448 patriarchatu
520 3357 712 3422 instituendo.

271 3456 345 3542 Peg.
360 3458 399 3520 ts
418 3456 469 3518 lin.
487 3453 538 3518 11.
555 3452 710 3531 Tohudov,
723 3451 826 3517 Goritz
841 3453 1019 3520 ctSimonov
1032 3455 1225 3522 nominasent

229 3551 492 3626 monasteriorum
510 3547 547 3613 de
562 3567 685 3634 quorum
713 3548 863 3625 secundo,
888 3560 991 3632 utpote
1019 3549 1113 3612 minus
1139 3559 1221 3627 noto,

230 3665 325 3732 pauca
347 3643 506 3708 adnotabo.
529 3643 636 3707 Exstat
660 3644 865 3706 monasterium
889 3641 1042 3708 Goriccnoo
1064 3643 1093 3705 in
1107 3642 1223 3708 dioeoosi

230 3740 448 3817 Pereiaslavia,
461 3750 495 3802 ut
515 3749 650 3816 vocatur,
674 3737 873 3806 Transilvana
895 3736 1044 3822 (Zaleshi)‚
1060 3737 1224 3824 eminetque

232 3834 426 3898 monticolira
446 3831 552 3917 quibus
571 3831 639 3896 ideo
659 3840 763 3896 nomen
780 3852 862 3894 suum
882 3831 985 3895 traxit.
1002 3831 1147 3914 Tempore
1165 3853 1223 3918 qno
1308 3830 1313 3837 ’

231 3927 438 3996 Narratioocm
448 3926 685 3991 suamscribebat
699 3925 818 4002 liihera,
835 3925 1042 3990 numerabatur
1055 3925 1131 3991 inter
1144 3949 1222 4014 pra·
1323 3948 1326 3954 ·

231 4021 329 4106 cipue,
345 4021 454 4106 quippo
469 4020 551 4103 cujus
568 4021 793 4086 archimandrita
806 4021 954 4107 propriam
968 4021 997 4084 in
1011 4021 1124 4105 synodo
1143 4021 1223 4088 ohti-
