3148 5132
644 675 665 688 ·
704 656 825 706 xlx-

231 830 271 898 ab
287 829 507 918 Inquisitionis
533 829 664 916 collegio
688 829 921 912 Barcinonensi,
943 832 1095 920 tauquam
1110 845 1220 913 suspe-

215 1015 217 1022 .
233 953 320 1018 ctum
335 953 367 1018 et
378 953 588 1038 periculosum
598 953 782 1019 damnatum
795 952 1221 1042 fuisse3deprooationemque

232 1073 393 1158 publicam
409 1074 443 1139 in
467 1074 573 1141 lucem
597 1075 726 1142 Viennae
741 1075 858 1141 editam
880 1094 957 1157 osse,
972 1091 1034 1161 qua
1045 1074 1156 1142 mitius
1165 1075 1221 1160 ju·

234 1193 354 1259 dicium
380 1196 517 1260 exoraret
537 1194 669 1274 Ribera;
696 1195 805 1262 utrum
838 1198 944 1262 autem
964 1196 1140 1285 deprecatio
1160 1196 1223 1268 ista

231 1313 352 1398 aliquid
374 1314 547 1397 profecerit,
569 1315 740 1398 sequidem
751 1316 902 1400 ignorare.
921 1344 934 1372 ι
961 1316 1050 1402 (Peg.
1074 1318 1124 1398 26,
1146 1317 1221 1384 edit.

234 1434 335 1513 1736.)
351 1433 452 1500 Addit
466 1433 640 1516 Zeltnerus,
654 1435 802 1500 Riberam
818 1454 895 1501 novo
915 1435 1142 1520 pacificationis
1151 1438 1222 1506 stu·

234 1552 285 1618 dio
311 1553 423 1639 grand
439 1553 607 1634 volumino,
624 1555 675 1620 cui
686 1554 802 1622 titulus
815 1555 905 1622 Echo
918 1555 995 1639 fidei
1008 1555 1152 1640 praefixus
1167 1558 1234 1636 est,

234 1695 314 1744 anno
337 1677 418 1744 1734
445 1676 763 1761 (imm01733)idem
786 1677 902 1744 vadum
922 1679 1071 1745 tentasse.
1087 1713 1126 1726 —
1138 1675 1228 1744 Unda

234 1797 380 1882 colligere
409 1813 541 1878 pronum
566 1795 615 1860 est
631 1794 814 1878 praedictam
832 1795 1083 1878 deprecationem
1112 1812 1220 1860 reuera

234 1916 356 2002 aliquid
375 1917 552 2000 profecisse,
569 1914 712 1998 quamvis
727 1934 783 1981 nec
808 1916 853 1982 ita
877 1915 1004 2000 quidem
1019 1915 1053 1980 in
1068 1916 1151 1981 claro
1168 1934 1224 1999 po·

236 2035 298 2102 sita
309 2035 352 2101 sit
364 2034 574 2100 damnationis
586 2033 654 2118 ejus
670 2053 783 2113 causa;
798 2055 868 2119 quaa
884 2055 943 2102 non
955 2035 1019 2101 alia
1029 2037 1128 2102 fuisse
1145 2036 1224 2102 mihi

237 2159 370 2238 videtur,
396 2177 490 2242 quam
516 2158 635 2224 nimius
661 2158 834 2244 disciplinae
862 2159 1026 2226 catholicae
1059 2160 1143 2225 zelus
1166 2177 1226 2243 quo

239 2283 388 2366 abreptus
399 2281 523 2360 Bibere,
535 2279 738 2346 heterodoxos
760 2280 897 2364 quosvis,
912 2309 923 2344 ‹
939 2279 1039 2344 veluti
1050 2279 1154 2345 fidelis
1165 2280 1226 2346 Do·

166 2387 168 2394 ¹
231 2404 453 2484 minitaris»
474 2403 646 2470 innumeris
656 2403 811 2470 morsibus
826 2403 1018 2470 dilaceravit.

281 2563 331 2629 12.
345 2561 604 2646 Quandoquidem
615 2562 677 2627 dux
692 2563 729 2628 de
741 2562 837 2644 utria,
857 2562 1017 2645 Hispaniae
1029 2561 1165 2647 legatus,
1179 2581 1229 2629 re·

236 2687 297 2770 giae
312 2683 516 2751 Stuardorum
529 2682 659 2750 familiae
675 2683 758 2774 esset
771 2683 921 2767 sanguine
942 2683 1073 2766 junctus
1088 2681 1230 2750 611666-

236 2805 313 2870 bum
332 2804 381 2869 ΙΙΙ
395 2803 450 2888 qui
459 2805 533 2888 jura
548 2821 608 2868 suas
625 2803 658 2868 in
672 2802 796 2886 Angliae
812 2821 955 2870 coronam
970 2803 1158 2883 vindicabat,
1177 2821 1232 2888 pro

236 2925 388 3010 legitimo
406 2925 536 2990 haberet
556 2923 661 2990 throni
674 2923 972 3008 haerede‚propterea
986 2923 1232 2989 anniversarium
1272 2925 1276 2932 ’
1386 2903 1391 2912 ’

239 3049 307 3133 ejus
332 3047 415 3112 diem
440 3045 621 3111 solemnitor
645 3045 760 3110 statuit
784 3045 948 3111 celebrare.
977 3043 1037 3108 Die
1059 3044 1164 3126 itaque
1189 3045 1230 3109 20

235 3171 321 3256 julii,
338 3166 643 3248 aoacaoolpostolo
661 3183 846 3246 sacra,anno
858 3165 948 3246 1729,
965 3164 1144 3230 concionem
1156 3163 1236 3230 dixit

236 3290 272 3354 P.
300 3286 424 3365 Bibere,
450 3303 547 3366 quam
582 3301 653 3348 mox
673 3284 758 3368 typis
781 3282 941 3348 mandavit
969 3283 1111 3365 sequenti
1139 3281 1236 3348 titulo

241 3405 382 3492 praefixo:
402 3430 414 3457 ‹
430 3401 693 3467 Nomenclatara'
709 3401 919 3488 Boeneryica,
929 3401 996 3466 siae
1017 3399 1120 3466 oratio
1133 3419 1237 3485 panc·

241 3527 364 3614 narica,
388 3544 493 3610 anana
504 3524 541 3589 in
554 3523 635 3606 festo
648 3521 682 3590 S.
697 3522 810 3588 Jacoot
823 3521 969 3606 Maioris
984 3519 1146 3606 Apostoli,
1161 3519 1238 3590 6616-

245 3657 336 3722 trata
360 3671 421 3738 par
444 3649 569 3717 Eacett.
586 3649 630 3716 D.
657 3647 819 3715 Jacotnnc
839 3647 1029 3715 Stoaardarn
1055 3645 1176 3711 Dacan
1201 3645 1241 3712 dc

247 3777 348 3846 Liria
362 3779 391 3842 et
401 3773 524 3840 Xerica
536 3773 600 3850 etc,
615 3771 758 3856 leuatam
780 3767 939 3836 Catholici
950 3767 1039 3850 reato
1049 3763 1241 3848 Hispania·

250 3915 328 3964 ram
339 3895 377 3961 in
391 3889 611 3974 Bassianum
622 3891 743 3973 templo
754 3887 978 3955 catholicorum
992 3886 1145 3969 Masona
1155 3883 1242 3953 dicit

253 4024 281 4088 61
296 4019 387 4087 Sacr.
401 4013 578 4102 ReaMaj.
591 4009 934 4094 neccommittam
943 4007 1134 4075 Britannia
1147 4005 1242 4096 Rani,
