3172 5130
628 629 812 695 -159,

221 836 280 885 sus
309 810 581 906 septentrionem
612 829 632 879 a
662 810 801 882 Moscua
832 810 1003 894 dissitum,
1037 815 1215 906 septennis

221 938 308 1028 puer
323 931 551 1013 miserrimus,
571 929 711 1002 Cosmas
730 931 881 1015 nomine,
903 929 1056 1004 brachiis
1075 945 1211 1006 retror-

219 1076 296 1126 sum
316 1051 462 1136 insscxis,
483 1051 644 1122 manibus
661 1052 707 1122 ad
730 1073 768 1122 os
792 1073 932 1123 sacrum
948 1055 1092 1144 junctis,
1121 1057 1215 1149 digi-

220 1179 265 1248 tis
288 1179 467 1269 utriusque
488 1176 636 1244 invicem
660 1176 888 1268 complicatis,
921 1177 967 1245 ita
1001 1190 1035 1246 ut
1063 1199 1127 1248 nec
1155 1201 1215 1272 per

221 1306 292 1372 vim
323 1304 397 1372 sine
427 1301 593 1370 fractione
621 1299 772 1392 disjungi
799 1313 952 1392 possent.
977 1302 1116 1392 Recepit
1134 1323 1214 1371 eum

220 1423 383 1514 religiosa
412 1424 658 1493 monachorum
686 1421 853 1508 charitas,
893 1433 929 1490 ut
960 1423 993 1491 in
1026 1421 1213 1514 (Bolaitzc)

113 1625 115 1628 ,
220 1545 439 1614 infirmorum
460 1545 546 1625 loco,
569 1545 798 1636 oumaegrotis
817 1545 956 1616 caeteris
973 1543 1140 1614 aleretur.
1160 1545 1213 1614 [ti-

218 1667 303 1737 dicit
323 1668 377 1736 hic
397 1669 429 1734 in
454 1666 691 1759 adolescentia
722 1667 852 1757 legere,
884 1665 1105 1758 decursaque
1122 1680 1214 1736 tem—

221 1795 314 1880 poris
341 1788 487 1857 idoneus
507 1803 667 1881 receptus
684 1802 736 1857 est
761 1789 806 1858 ad
834 1809 1015 1858 numerum
1046 1789 1214 1858 lectorum

221 1917 400 1988 Ecclesiae.
425 1913 548 1981 Fuerat
575 1914 666 1981 circa
690 1910 932 1995 infirmariam,
954 1913 1026 2001 jam
1051 1913 1095 1982 ab
1121 1913 1215 1982 anti-

220 2057 304 2129 qno,
327 2037 437 2104 locata
463 2034 578 2127 imago
606 2036 640 2102 B.
674 2034 822 2126 Virginis
849 2033 894 2103 ad
916 2034 1066 2126 lapidem
1094 2023 1212 2116 incisa,

226 2160 436 2250 nomineque
453 2157 725 2226 Smolenscensis
740 2157 898 2247 imaginis
917 2169 1080 2226 venerata
1092 2185 1099 2240 ;
1113 2180 1215 2251 quam

225 2282 361 2374 pridem
390 2280 578 2350 monachus
604 2278 744 2372 quidam
770 2279 921 2348 exterius
954 2281 1159 2360 occluserat,
1182 2293 1218 2351 ut

225 2406 389 2497 populum
408 2424 612 2472 aconcnrsu
631 2400 676 2471 ad
694 2401 879 2470 Ecclesiam
890 2396 1215 2476 diverteret.Crevit

217 2525 362 2616 juvenis
378 2531 456 2594 cnm
484 2535 588 2594 aetate
606 2522 761 2608 deuotio,
781 2545 851 2614 qua
870 2524 1080 2595 Beatissimae
1097 2527 1216 2620 Virgi-

224 2651 280 2717 nis
299 2647 491 2740 patrocinio
515 2645 705 2730 sanandum
732 2667 770 2715 se
793 2646 955 2729 eredens,
972 2643 1108 2717 occludi
1124 2649 1215 2718 ima-

223 2771 342 2863 ginem
378 2771 495 2853 illam,
523 2773 578 2840 oui
610 2771 805 2842 salutandae
832 2772 1086 2858 inclinabatur,
1120 2793 1216 2864 aegre

224 2895 371 2965 ferebat.
390 2895 444 2964 Illi
460 2907 573 2964 tamen
590 2894 754 2965 continuo
770 2915 889 2988 preces
907 2896 1054 2966 fundere
1066 2917 1135 2965 non
1149 2897 1216 2968 de—

223 3019 321 3098 stitit,
338 3030 462 3110 optans
481 3017 629 3110 propriis
647 3017 808 3088 manibus
822 3019 1003 3090 destruere
1026 3020 1120 3112 quod
1138 3021 1215 3091 aliis

224 3143 375 3210 miserat..
400 3141 477 3210 Post
502 3162 609 3211 annos
630 3141 687 3226 ll,
708 3143 835 3233 quibus
858 3142 903 3212 ab
924 3144 1087 3214 omnibus
1114 3157 1215 3215 notus
1274 3173 1280 3184 ·
1307 3123 1310 3130 λ

223 3262 473 3355 impedimento
491 3282 654 3331 manuum
670 3261 888 3332 laboraverat
906 3261 1037 3355 (mense
1050 3265 1140 3334 lulio
1153 3267 1213 3335 de-

223 3386 395 3454 currentis
412 3385 519 3476 anni),
536 3383 646 3475 dom(
667 3384 768 3454 icossi
781 3383 912 3454 scilicet
926 3385 1125 3478 acathistos)
1140 3386 1214 3456 lau-

222 3507 287 3578 des
303 3509 340 3576 B.
367 3507 520 3598 Virginis
544 3506 735 3576 secundum
761 3505 984 3604 alphabetum
1003 3529 1158 3598 graecum
1178 3511 1212 3578 in

222 3634 368 3702 ecclesia
386 3643 538 3714 caneret,
559 3629 628 3699 sibi
660 3632 772 3701 visum
803 3641 856 3700 est
873 3631 996 3701 audire
1017 3653 1137 3703 vocem
1153 3633 1212 3704 di-

223 3769 359 3828 centem
379 3785 385 3826 :
412 3785 430 3818 «
450 3758 523 3840 Eia,
547 3755 683 3841 Cosma‚
703 3777 826 3849 preces
842 3766 912 3825 tuae
926 3757 1103 3827 exauditae
1120 3765 1211 3842 sunt,

225 3890 260 3947 ut
290 3879 477 3948 curationis
492 3869 641 3972 ¹recipias
659 3879 870 3970 gratiam»
902 3899 1050 3970 cumque
1074 3901 1119 3949 ex
1150 3881 1215 3951 hoc

223 4001 354 4094 aliquid
368 4003 512 4071 sentiret
533 4003 567 4071 in
583 4001 711 4094 digitis,
728 4002 914 4074 advocavit
928 4002 1118 4088 adstantes,
1134 3989 1215 4096 qn'i-
