3124 5126
589 635 765 700 *127-

177 825 457 922 prohibentibus,
503 848 547 896 ne
589 829 717 920 putetis
753 829 848 922 quod
886 830 1057 901 sustinere
1100 831 1168 904 de-

175 940 323 1012 buerim.

232 1057 333 1126 «Vix
352 1056 427 1126 haec
453 1055 585 1125 dixisse
605 1052 778 1133 finieram,
794 1073 875 1122 eum
909 1052 1043 1142 praelati
1078 1073 1186 1124 con-·

84 1197 87 1202 ·
173 1174 338 1246 sedentes
367 1197 422 1246 me
457 1187 637 1268 rogarunt,
670 1185 706 1243 ut
732 1173 797 1242 hoo
818 1193 880 1259 pro
898 1183 982 1242 tunc
999 1171 1167 1255 dissimu-

173 1297 245 1370 lato
270 1298 453 1391 (siquidem
488 1297 772 1377 archimandrita,
794 1297 873 1364 ticet
893 1317 1061 1387 praesens,
1094 1297 1168 1370 dis·

173 1422 344 1515 putationi
362 1435 560 1514 expectatae
594 1419 824 1513 pbilosophiae
838 1439 907 1486 non
943 1417 1105 1511 praeerat)
1122 1417 1167 1492 ad

172 1563 298 1614 novam
322 1545 560 1636 procederem.
603 1542 701 1614 Unde
732 1541 894 1635 projectis
925 1540 1060 1614 dnobus
1086 1553 1167 1634 quae

64 1685 67 1688 ·
172 1664 365 1736 habueram
411 1667 691 1758 exemplaribus,
744 1662 890 1734 addidi:
920 1665 1054 1732 relictis
1082 1687 1167 1754 erpo

171 1791 452 1868 superstratum
468 1787 526 1852 bie
540 1805 703 1870 pannum
719 1781 985 1868 coemptaribus
1001 1789 1167 1868 quotquot

174 1904 297 1980 habui,
313 1905 405 1970 sicut
412 1923 574 1987 possum,
586 1903 728 1987 publice
736 1905 884 1987 satisfio.
906 1907 1069 1998 Novaque
1089 1909 1165 2001 phi-

173 2029 364 2122 losophica,
383 2028 501 2098 debita
520 2027 718 2096 reverentia
737 2047 930 2111 resumens,
951 2029 1075 2099 thesim
1090 2049 1166 2100 eam
1267 2069 1270 2075 Α

176 2172 247 2244 qua
262 2149 456 2240 negabatur
470 2169 584 2218 causae
603 2149 725 2240 primae
743 2149 1059 2240 praedeterminatio
1076 2149 1166 2243 phy-

177 2272 249 2346 sica
280 2274 324 2344 ab
356 2273 543 2343 intrinseco
571 2271 709 2352 efficax,
730 2270 922 2342 thomistice
948 2273 1162 2364 impugnavi.

227 2397 371 2464 Brevius
385 2393 486 2465 sotim
499 2394 734 2486 disputatione
752 2395 928 2477 conctusa,
949 2415 1032 2464 ecce
1057 2395 1168 2464 archi·

177 2499 551 2608 mandritatheologiue
567 2518 778 2610 professore
805 2538 967 2588 consessu
992 2519 1168 2590 communi

177 2662 327 2730 surgens
360 2640 456 2708 stetit
483 2640 517 2709 in
551 2639 677 2722 medi0,
711 2639 825 2711 audiri
864 2641 1053 2731 postulans
1081 2651 1117 2710 ut
1147 2662 1167 2712 a

177 2783 236 2833 me
252 2761 397 2853 objectis
410 2761 649 2831 satisfacturus
663 2761 779 2831 denuc
801 2763 1038 2855 responderet.
1057 2763 1166 2834 Resti-

179 2894 253 2954 tere
265 2906 331 2980 non
341 2883 727 2977 parumduoadstaotes
740 2884 1167 2978 archiepiscopiltezaneu-

77 3061 80 3066 .
178 3004 226 3076 sis
243 3019 277 3075 et
295 3005 493 3076 Twereusis
503 3026 544 3076 ac
554 3005 840 3076 archimandritae
854 3007 1090 3099 complurimi3
1104 3006 1166 3078 sed

178 3121 364 3208 instantem
399 3127 515 3196 denuo
543 3139 580 3197 ut
611 3129 871 3229 permitteretur
889 3128 982 3219 ioqui
1008 3140 1167 3219 precatus

178 3265 244 3336 ego
264 3250 336 3340 ipse
351 3249 469 3339 adjuvi
490 3275 498 3319 :
515 3243 602 3328 quid
614 3243 717 3310 bodie
731 3245 957 3328 respondedo,
984 3245 1048 3310 oie
1071 3263 1165 3328 prae·

177 3365 290 3446 video,
307 3371 402 3444 dixi,-
416 3367 479 3451 qui
504 3366 562 3432 die
580 3363 694 3430 attera
723 3383 812 3449 opus
840 3367 924 3433 aliis
950 3367 1110 3457 habuisti
1125 3371 1164 3434 in

177 3489 387 3556 sustinenda
402 3491 503 3556 tbesi.
523 3491 1163 3587 Sedquiddicturuseratsimpiicissi-
1201 3517 1205 3522 ·

177 3605 255 3681 mus
268 3626 368 3683 notus
395 3615 606 3686 homuncio?
625 3615 724 3684 Ecce.
743 3614 950 3707 «Quisquis,
971 3617 1031 3696 ait,
1049 3629 1167 3707 peccat

177 3752 196 3802 a
211 3730 281 3803 fide
295 3734 474 3823 deficiens,
492 3749 543 3809 est
561 3748 662 3808 extra
678 3736 869 3806 Ecclesiam
889 3764 896 3819 ;
918 3737 982 3807 sed
1010 3758 1099 3830 papa
1117 3738 1167 3807 sic

177 3854 317 3940 deiecit,
334 3859 464 3931 docens
473 3861 638 3955 Spiritum
661 3859 696 3928 S.
715 3860 905 3952 procedere
920 3881 938 3928 a
954 3859 1058 3943 Filio,
1079 3881 1165 3930 oon-

177 3992 231 4052 tra
249 3984 473 4075 Evangelium
502 4005 658 4056 asserens
677 3984 772 4077 quod
805 4006 825 4054 a
846 3985 944 4055 Patre
970 3985 1135 4078 procedat
1153 4013 1161 4069 ;
