<?xml version="1.0" encoding="UTF-8"?>
<!DOCTYPE html PUBLIC "-//W3C//DTD XHTML 1.0 Transitional//EN"
    "http://www.w3.org/TR/xhtml1/DTD/xhtml1-transitional.dtd">
<html xmlns="http://www.w3.org/1999/xhtml" xml:lang="en" lang="en">
 <head>
  <title>
</title>
<meta http-equiv="Content-Type" content="text/html;charset=utf-8" />
  <meta name='ocr-system' content='tesseract 3.04.00' />
  <meta name='ocr-capabilities' content='ocr_page ocr_carea ocr_par ocr_line ocrx_word'/>
</head>
<body>
  <div class='ocr_page' id='page_1' title='image "./brevisenarratio00ribegoog/brevisenarratio00ribegoog_0210.png"; bbox 0 0 3172 5130; ppageno 0'>
   <div class='ocr_carea' id='block_1_1' title="bbox 620 601 807 672">
    <p class='ocr_par' dir='ltr' id='par_1_1' title="bbox 620 601 807 672">
     <span class='ocr_line' id='line_1_1' title="bbox 620 601 807 672; baseline 0.07 -14"><span class='ocrx_word' id='word_1_1' title='bbox 620 601 807 672; x_wconf 79' lang='lat'>..171-</span> 
     </span>
    </p>
   </div>
   <div class='ocr_carea' id='block_1_2' title="bbox 198 784 1273 4090">
    <p class='ocr_par' dir='ltr' id='par_1_2' title="bbox 198 784 1201 2086">
     <span class='ocr_line' id='line_1_2' title="bbox 205 784 1201 885; baseline 0.004 -23"><span class='ocrx_word' id='word_1_2' title='bbox 205 784 417 884; x_wconf 75' lang='lat' dir='ltr'>temporales</span> <span class='ocrx_word' id='word_1_3' title='bbox 430 784 693 860; x_wconf 74' lang='lat' dir='ltr'><strong>successionum</strong></span> <span class='ocrx_word' id='word_1_4' title='bbox 717 785 754 861; x_wconf 89' lang='lat' dir='ltr'>in</span> <span class='ocrx_word' id='word_1_5' title='bbox 768 787 888 879; x_wconf 82' lang='lat' dir='ltr'>regnis</span> <span class='ocrx_word' id='word_1_6' title='bbox 901 797 936 858; x_wconf 91' lang='lat' dir='ltr'>et</span> <span class='ocrx_word' id='word_1_7' title='bbox 959 788 1110 876; x_wconf 79' lang='lat' dir='ltr'>statibus</span> <span class='ocrx_word' id='word_1_8' title='bbox 1123 789 1201 885; x_wconf 72' lang='lat' dir='ltr'>pio</span> 
     </span>
     <span class='ocr_line' id='line_1_3' title="bbox 204 907 1201 1006; baseline 0.004 -22"><span class='ocrx_word' id='word_1_9' title='bbox 204 929 309 1002; x_wconf 81' lang='lat' dir='ltr'>qoam</span> <span class='ocrx_word' id='word_1_10' title='bbox 329 927 447 984; x_wconf 85' lang='lat' dir='ltr'>ueram</span> <span class='ocrx_word' id='word_1_11' title='bbox 462 907 669 1000; x_wconf 79' lang='lat' dir='ltr'>religionem</span> <span class='ocrx_word' id='word_1_12' title='bbox 682 909 855 1005; x_wconf 70' lang='lat' dir='ltr'>respiciat,</span> <span class='ocrx_word' id='word_1_13' title='bbox 871 910 960 984; x_wconf 82' lang='lat' dir='ltr'>sicut</span> <span class='ocrx_word' id='word_1_14' title='bbox 975 912 1111 1006; x_wconf 82' lang='lat' dir='ltr'>‘pluries</span> <span class='ocrx_word' id='word_1_15' title='bbox 1123 911 1201 990; x_wconf 84' lang='lat' dir='ltr'>tieri</span> 
     </span>
     <span class='ocr_line' id='line_1_4' title="bbox 205 1029 1201 1132; baseline 0 -24"><span class='ocrx_word' id='word_1_16' title='bbox 205 1031 413 1108; x_wconf 83' lang='lat' dir='ltr'>videmusin</span> <span class='ocrx_word' id='word_1_17' title='bbox 426 1029 553 1124; x_wconf 77' lang='lat' dir='ltr'>Anglia</span> <span class='ocrx_word' id='word_1_18' title='bbox 573 1041 610 1105; x_wconf 88' lang='lat' dir='ltr'>et</span> <span class='ocrx_word' id='word_1_19' title='bbox 628 1030 829 1108; x_wconf 69' lang='lat' dir='ltr'>mrmania</span> <span class='ocrx_word' id='word_1_20' title='bbox 855 1033 931 1110; x_wconf 87' lang='lat' dir='ltr'>Nec</span> <span class='ocrx_word' id='word_1_21' title='bbox 955 1033 1077 1131; x_wconf 86' lang='lat' dir='ltr'>dubito</span> <span class='ocrx_word' id='word_1_22' title='bbox 1100 1035 1201 1132; x_wconf 85' lang='lat' dir='ltr'>(siout</span> 
     </span>
     <span class='ocr_line' id='line_1_5' title="bbox 200 1151 1197 1252; baseline -0.004 -22"><span class='ocrx_word' id='word_1_23' title='bbox 200 1155 296 1232; x_wconf 88' lang='lat' dir='ltr'>iuter</span> <span class='ocrx_word' id='word_1_24' title='bbox 309 1151 460 1251; x_wconf 80' lang='lat' dir='ltr'>Latinos)</span> <span class='ocrx_word' id='word_1_25' title='bbox 473 1154 629 1242; x_wconf 86' lang='lat' dir='ltr'>tolerari,</span> <span class='ocrx_word' id='word_1_26' title='bbox 649 1164 752 1228; x_wconf 86' lang='lat' dir='ltr'>cauto</span> <span class='ocrx_word' id='word_1_27' title='bbox 764 1155 1003 1232; x_wconf 76' lang='lat' dir='ltr'>subversionis</span> <span class='ocrx_word' id='word_1_28' title='bbox 1016 1159 1197 1252; x_wconf 82' lang='lat' dir='ltr'>periculo:</span> 
     </span>
     <span class='ocr_line' id='line_1_6' title="bbox 203 1275 1201 1371; baseline 0.002 -17"><span class='ocrx_word' id='word_1_29' title='bbox 203 1275 337 1354; x_wconf 87' lang='lat' dir='ltr'>utinam</span> <span class='ocrx_word' id='word_1_30' title='bbox 347 1276 392 1350; x_wconf 87' lang='lat' dir='ltr'>ab</span> <span class='ocrx_word' id='word_1_31' title='bbox 402 1277 565 1350; x_wconf 88' lang='lat' dir='ltr'>omnibns</span> <span class='ocrx_word' id='word_1_32' title='bbox 574 1285 797 1364; x_wconf 81' lang='lat' dir='ltr'>tractaretur,</span> <span class='ocrx_word' id='word_1_33' title='bbox 809 1277 943 1371; x_wconf 88' lang='lat' dir='ltr'>prolem</span> <span class='ocrx_word' id='word_1_34' title='bbox 957 1288 1064 1354; x_wconf 88' lang='lat' dir='ltr'>totam</span> <span class='ocrx_word' id='word_1_35' title='bbox 1075 1278 1201 1356; x_wconf 71' lang='lat' dir='ltr'>uerso</span> 
     </span>
     <span class='ocr_line' id='line_1_7' title="bbox 199 1398 1201 1495; baseline 0.006 -19"><span class='ocrx_word' id='word_1_36' title='bbox 199 1421 269 1476; x_wconf 86' lang='lat' dir='ltr'>nec</span> <span class='ocrx_word' id='word_1_37' title='bbox 304 1399 647 1488; x_wconf 56' lang='lat' dir='ltr'>innotescentem</span> <span class='ocrx_word' id='word_1_38' title='bbox 680 1421 751 1495; x_wconf 90' lang='lat' dir='ltr'>qua</span> <span class='ocrx_word' id='word_1_39' title='bbox 780 1398 965 1481; x_wconf 82' lang='lat' dir='ltr'>deficiente</span> <span class='ocrx_word' id='word_1_40' title='bbox 998 1402 1201 1482; x_wconf 85' lang='lat' dir='ltr'>conditione</span> 
     </span>
     <span class='ocr_line' id='line_1_8' title="bbox 205 1521 1200 1618; baseline 0.008 -22"><span class='ocrx_word' id='word_1_41' title='bbox 205 1523 346 1618; x_wconf 85' lang='lat' dir='ltr'>nuptias</span> <span class='ocrx_word' id='word_1_42' title='bbox 366 1523 529 1596; x_wconf 76' lang='lat' dir='ltr'>catholici</span> <span class='ocrx_word' id='word_1_43' title='bbox 553 1544 625 1596; x_wconf 90' lang='lat' dir='ltr'>non</span> <span class='ocrx_word' id='word_1_44' title='bbox 652 1521 768 1598; x_wconf 84' lang='lat' dir='ltr'>dicam</span> <span class='ocrx_word' id='word_1_45' title='bbox 789 1523 905 1596; x_wconf 84' lang='lat' dir='ltr'>nullas</span> <span class='ocrx_word' id='word_1_46' title='bbox 925 1533 962 1596; x_wconf 88' lang='lat' dir='ltr'>et</span> <span class='ocrx_word' id='word_1_47' title='bbox 984 1525 1200 1614; x_wconf 63' lang='lat' dir='ltr'>irritasset</span> 
     </span>
     <span class='ocr_line' id='line_1_9' title="bbox 203 1643 1196 1744; baseline 0.005 -26"><span class='ocrx_word' id='word_1_48' title='bbox 203 1664 355 1718; x_wconf 80' lang='lat' dir='ltr'><strong>asseram</strong></span> <span class='ocrx_word' id='word_1_49' title='bbox 398 1643 537 1718; x_wconf 85' lang='lat' dir='ltr'>illicitas</span> <span class='ocrx_word' id='word_1_50' title='bbox 576 1657 612 1718; x_wconf 85' lang='lat' dir='ltr'>et</span> <span class='ocrx_word' id='word_1_51' title='bbox 642 1648 876 1722; x_wconf 77' lang='lat' dir='ltr'>ocmdutoauc</span> <span class='ocrx_word' id='word_1_52' title='bbox 903 1643 995 1742; x_wconf 66' lang='lat' dir='ltr'>(vid.</span> <span class='ocrx_word' id='word_1_53' title='bbox 1030 1645 1196 1744; x_wconf 73' lang='lat' dir='ltr'>Wigaud,</span> 
     </span>
     <span class='ocr_line' id='line_1_10' title="bbox 204 1766 1201 1867; baseline 0.004 -21"><span class='ocrx_word' id='word_1_54' title='bbox 204 1777 306 1846; x_wconf 82' lang='lat' dir='ltr'>tract.</span> <span class='ocrx_word' id='word_1_55' title='bbox 338 1769 398 1854; x_wconf 79' lang='lat' dir='ltr'>to.</span> <span class='ocrx_word' id='word_1_56' title='bbox 428 1790 543 1844; x_wconf 79' lang='lat' dir='ltr'>exam</span> <span class='ocrx_word' id='word_1_57' title='bbox 569 1770 606 1856; x_wconf 82' lang='lat' dir='ltr'>a,</span> <span class='ocrx_word' id='word_1_58' title='bbox 635 1791 732 1842; x_wconf 90' lang='lat' dir='ltr'>num.</span> <span class='ocrx_word' id='word_1_59' title='bbox 762 1766 828 1858; x_wconf 81' lang='lat'>77,</span> <span class='ocrx_word' id='word_1_60' title='bbox 854 1793 892 1867; x_wconf 82' lang='lat' dir='ltr'>p.</span> <span class='ocrx_word' id='word_1_61' title='bbox 921 1767 995 1848; x_wconf 76' lang='lat'>725</span> <span class='ocrx_word' id='word_1_62' title='bbox 1018 1779 1055 1844; x_wconf 88' lang='lat' dir='ltr'>et</span> <span class='ocrx_word' id='word_1_63' title='bbox 1078 1791 1201 1850; x_wconf 72' lang='lat' dir='ltr'>omne!</span> 
     </span>
     <span class='ocr_line' id='line_1_11' title="bbox 198 1889 1198 1990; baseline 0.002 -22"><span class='ocrx_word' id='word_1_64' title='bbox 198 1901 362 1968; x_wconf 74' lang='lat' dir='ltr'>auctores</span> <span class='ocrx_word' id='word_1_65' title='bbox 374 1889 531 1989; x_wconf 67' lang='lat' dir='ltr'>cathmi,</span> <span class='ocrx_word' id='word_1_66' title='bbox 542 1912 622 1988; x_wconf 79' lang='lat' dir='ltr'>qum</span> <span class='ocrx_word' id='word_1_67' title='bbox 634 1893 787 1968; x_wconf 75' lang='lat' dir='ltr'>cuorum</span> <span class='ocrx_word' id='word_1_68' title='bbox 798 1903 962 1990; x_wconf 78' lang='lat' dir='ltr'>querunt</span> <span class='ocrx_word' id='word_1_69' title='bbox 974 1893 1198 1970; x_wconf 86' lang='lat' dir='ltr'>alienandum</span> 
     </span>
     <span class='ocr_line' id='line_1_12' title="bbox 198 2015 319 2086; baseline -0.008 0"><span class='ocrx_word' id='word_1_70' title='bbox 198 2015 319 2086; x_wconf 75' lang='lat' dir='ltr'>alteo.</span> 
     </span>
    </p>

    <p class='ocr_par' dir='ltr' id='par_1_3' title="bbox 198 2133 1273 4090">
     <span class='ocr_line' id='line_1_13' title="bbox 248 2133 1198 2232; baseline -0.003 -20"><span class='ocrx_word' id='word_1_71' title='bbox 248 2136 365 2212; x_wconf 65' lang='lat' dir='ltr'>&amp;nun</span> <span class='ocrx_word' id='word_1_72' title='bbox 385 2133 434 2210; x_wconf 86' lang='grc'>96</span> <span class='ocrx_word' id='word_1_73' title='bbox 457 2135 599 2232; x_wconf 78' lang='lat' dir='ltr'>longam</span> <span class='ocrx_word' id='word_1_74' title='bbox 623 2145 746 2210; x_wconf 87' lang='lat' dir='ltr'>contra</span> <span class='ocrx_word' id='word_1_75' title='bbox 772 2135 1089 2212; x_wconf 87' lang='lat' dir='ltr'>calamistraturam</span> <span class='ocrx_word' id='word_1_76' title='bbox 1122 2138 1198 2212; x_wconf 83' lang='lat' dir='ltr'>cri-</span> 
     </span>
     <span class='ocr_line' id='line_1_14' title="bbox 200 2257 1233 2352; baseline -0.002 -18"><span class='ocrx_word' id='word_1_77' title='bbox 200 2259 313 2346; x_wconf 83' lang='lat' dir='ltr'>nium,</span> <span class='ocrx_word' id='word_1_78' title='bbox 328 2259 621 2334; x_wconf 81' lang='lat' dir='ltr'>excommunione</span> <span class='ocrx_word' id='word_1_79' title='bbox 635 2259 779 2344; x_wconf 88' lang='lat' dir='ltr'>minata,</span> <span class='ocrx_word' id='word_1_80' title='bbox 795 2257 903 2332; x_wconf 88' lang='lat' dir='ltr'>tradit</span> <span class='ocrx_word' id='word_1_81' title='bbox 919 2279 1118 2345; x_wconf 83' lang='lat' dir='ltr'>censuram,</span> <span class='ocrx_word' id='word_1_82' title='bbox 1135 2257 1199 2332; x_wconf 83' lang='lat' dir='ltr'>de·</span> <span class='ocrx_word' id='word_1_83' title='bbox 1230 2347 1233 2352; x_wconf 38' lang='grc'><strong>,</strong></span> 
     </span>
     <span class='ocr_line' id='line_1_15' title="bbox 199 2382 1195 2482; baseline 0 -26"><span class='ocrx_word' id='word_1_84' title='bbox 199 2405 362 2470; x_wconf 85' lang='lat' dir='ltr'>cernens,</span> <span class='ocrx_word' id='word_1_85' title='bbox 378 2393 416 2456; x_wconf 91' lang='lat' dir='ltr'>ut</span> <span class='ocrx_word' id='word_1_86' title='bbox 437 2383 530 2480; x_wconf 81' lang='lat' dir='ltr'>«qui</span> <span class='ocrx_word' id='word_1_87' title='bbox 542 2383 700 2480; x_wconf 84' lang='lat' dir='ltr'>capillos,</span> <span class='ocrx_word' id='word_1_88' title='bbox 716 2383 751 2454; x_wconf 89' lang='lat' dir='ltr'>in</span> <span class='ocrx_word' id='word_1_89' title='bbox 764 2382 958 2482; x_wconf 87' lang='lat' dir='ltr'>perniciem</span> <span class='ocrx_word' id='word_1_90' title='bbox 973 2383 1195 2474; x_wconf 78' lang='lat' dir='ltr'>intuentium,</span> 
     </span>
     <span class='ocr_line' id='line_1_16' title="bbox 198 2507 1196 2610; baseline -0.002 -28"><span class='ocrx_word' id='word_1_91' title='bbox 198 2507 1196 2610; x_wconf 79' lang='lat' dir='ltr'>excogitataqeedamimplicationedigeront‚inteuteque</span> 
     </span>
     <span class='ocr_line' id='line_1_17' title="bbox 198 2629 1195 2728; baseline -0.006 -18"><span class='ocrx_word' id='word_1_92' title='bbox 198 2631 611 2726; x_wconf 88' lang='lat' dir='ltr'>ornant,velutqnasdam</span> <span class='ocrx_word' id='word_1_93' title='bbox 620 2629 1195 2728; x_wconf 83' lang='lat' dir='ltr'>escasinfirmisanimubuspropc·</span> 
     </span>
     <span class='ocr_line' id='line_1_18' title="bbox 199 2753 1198 2852; baseline 0.002 -24"><span class='ocrx_word' id='word_1_94' title='bbox 199 2765 327 2830; x_wconf 87' lang='lat' dir='ltr'>nentes</span> <span class='ocrx_word' id='word_1_95' title='bbox 344 2755 465 2852; x_wconf 81' lang='lat' dir='ltr'>:ipsos</span> <span class='ocrx_word' id='word_1_96' title='bbox 483 2753 672 2851; x_wconf 74' lang='lat' dir='ltr'>pedagogi</span> <span class='ocrx_word' id='word_1_97' title='bbox 687 2755 875 2840; x_wconf 83' lang='lat' dir='ltr'>instruant,</span> <span class='ocrx_word' id='word_1_98' title='bbox 895 2765 933 2828; x_wconf 89' lang='lat' dir='ltr'>nt</span> <span class='ocrx_word' id='word_1_99' title='bbox 947 2769 1029 2828; x_wconf 88' lang='lat' dir='ltr'>cum</span> <span class='ocrx_word' id='word_1_100' title='bbox 1045 2755 1198 2852; x_wconf 74' lang='lat' dir='ltr'>relique</span> 
     </span>
     <span class='ocr_line' id='line_1_19' title="bbox 201 2875 1200 2974; baseline -0.001 -25"><span class='ocrx_word' id='word_1_101' title='bbox 201 2877 273 2952; x_wconf 89' lang='lat' dir='ltr'>rint</span> <span class='ocrx_word' id='word_1_102' title='bbox 290 2879 528 2968; x_wconf 76' lang='lat' dir='ltr'>deceptionem</span> <span class='ocrx_word' id='word_1_103' title='bbox 545 2878 638 2954; x_wconf 79' lang='lat' dir='ltr'>tomo</span> <span class='ocrx_word' id='word_1_104' title='bbox 649 2885 683 2949; x_wconf 86' lang='lat' dir='ltr'>et</span> <span class='ocrx_word' id='word_1_105' title='bbox 699 2879 867 2967; x_wconf 78' lang='lat' dir='ltr'>ineptias,</span> <span class='ocrx_word' id='word_1_106' title='bbox 886 2875 932 2950; x_wconf 91' lang='lat' dir='ltr'>ad</span> <span class='ocrx_word' id='word_1_107' title='bbox 946 2886 1150 2974; x_wconf 89' lang='lat' dir='ltr'>perpetuam</span> <span class='ocrx_word' id='word_1_108' title='bbox 1163 2885 1200 2952; x_wconf 92' lang='lat' dir='ltr'>et</span> 
     </span>
     <span class='ocr_line' id='line_1_20' title="bbox 202 2999 1199 3086; baseline 0.005 -15"><span class='ocrx_word' id='word_1_109' title='bbox 202 2999 342 3076; x_wconf 90' lang='lat' dir='ltr'>beatam</span> <span class='ocrx_word' id='word_1_110' title='bbox 358 3003 466 3074; x_wconf 86' lang='lat' dir='ltr'>vitam</span> <span class='ocrx_word' id='word_1_111' title='bbox 481 3001 618 3074; x_wconf 86' lang='lat' dir='ltr'>assidue</span> <span class='ocrx_word' id='word_1_112' title='bbox 632 3014 787 3074; x_wconf 89' lang='lat' dir='ltr'>mentem</span> <span class='ocrx_word' id='word_1_113' title='bbox 802 3009 1022 3086; x_wconf 66' lang='lat' dir='ltr'>conterinum</span> <span class='ocrx_word' id='word_1_114' title='bbox 1034 3004 1199 3082; x_wconf 78' lang='lat' dir='ltr'>utnulius</span> 
     </span>
     <span class='ocr_line' id='line_1_21' title="bbox 199 3123 1198 3214; baseline 0 -16"><span class='ocrx_word' id='word_1_115' title='bbox 199 3144 319 3198; x_wconf 80' lang='lat' dir='ltr'>aecum</span> <span class='ocrx_word' id='word_1_116' title='bbox 331 3127 504 3214; x_wconf 78' lang='lat' dir='ltr'>reliquias</span> <span class='ocrx_word' id='word_1_117' title='bbox 512 3128 638 3214; x_wconf 73' lang='lat' dir='ltr'>ferant</span> <span class='ocrx_word' id='word_1_118' title='bbox 646 3127 810 3201; x_wconf 71' lang='lat' dir='ltr'>numme</span> <span class='ocrx_word' id='word_1_119' title='bbox 822 3123 1198 3200; x_wconf 70' lang='lat' dir='ltr'>stoliditatia.&#39;»Contra</span> 
     </span>
     <span class='ocr_line' id='line_1_22' title="bbox 201 3245 1273 3344; baseline -0.003 -25"><span class='ocrx_word' id='word_1_120' title='bbox 201 3266 371 3322; x_wconf 87' lang='lat' dir='ltr'>canonem</span> <span class='ocrx_word' id='word_1_121' title='bbox 384 3247 491 3332; x_wconf 83' lang='lat' dir='ltr'>hunc,</span> <span class='ocrx_word' id='word_1_122' title='bbox 507 3268 577 3318; x_wconf 92' lang='lat' dir='ltr'>non</span> <span class='ocrx_word' id='word_1_123' title='bbox 592 3247 743 3344; x_wconf 86' lang='lat' dir='ltr'>populus</span> <span class='ocrx_word' id='word_1_124' title='bbox 757 3246 950 3332; x_wconf 83' lang='lat' dir='ltr'>Ruthenus,</span> <span class='ocrx_word' id='word_1_125' title='bbox 960 3245 1040 3342; x_wconf 87' lang='lat' dir='ltr'>plus</span> <span class='ocrx_word' id='word_1_126' title='bbox 1052 3246 1198 3320; x_wconf 82' lang='lat' dir='ltr'>intortos</span> <span class='ocrx_word' id='word_1_127' title='bbox 1270 3311 1273 3316; x_wconf 79' lang='grc'>,</span> 
     </span>
     <span class='ocr_line' id='line_1_23' title="bbox 202 3367 1199 3466; baseline -0.002 -22"><span class='ocrx_word' id='word_1_128' title='bbox 202 3371 321 3446; x_wconf 88' lang='lat' dir='ltr'>crines</span> <span class='ocrx_word' id='word_1_129' title='bbox 335 3380 516 3444; x_wconf 81' lang='lat' dir='ltr'>ostentans</span> <span class='ocrx_word' id='word_1_130' title='bbox 529 3391 577 3442; x_wconf 85' lang='lat' dir='ltr'>ex</span> <span class='ocrx_word' id='word_1_131' title='bbox 591 3369 723 3444; x_wconf 87' lang='lat' dir='ltr'>incuria</span> <span class='ocrx_word' id='word_1_132' title='bbox 754 3389 861 3463; x_wconf 86' lang='lat' dir='ltr'>quam</span> <span class='ocrx_word' id='word_1_133' title='bbox 874 3389 923 3444; x_wconf 77' lang='lat' dir='ltr'>ox</span> <span class='ocrx_word' id='word_1_134' title='bbox 936 3380 1026 3454; x_wconf 87' lang='lat' dir='ltr'>erte,</span> <span class='ocrx_word' id='word_1_135' title='bbox 1039 3367 1104 3442; x_wconf 85' lang='lat' dir='ltr'>sed</span> <span class='ocrx_word' id='word_1_136' title='bbox 1117 3369 1199 3466; x_wconf 89' lang='lat' dir='ltr'>plu·</span> 
     </span>
     <span class='ocr_line' id='line_1_24' title="bbox 203 3488 1196 3588; baseline 0 -22"><span class='ocrx_word' id='word_1_137' title='bbox 203 3513 261 3566; x_wconf 85' lang='lat' dir='ltr'>res</span> <span class='ocrx_word' id='word_1_138' title='bbox 283 3512 330 3563; x_wconf 86' lang='lat' dir='ltr'>ex</span> <span class='ocrx_word' id='word_1_139' title='bbox 352 3491 530 3564; x_wconf 86' lang='lat' dir='ltr'>nobilibus</span> <span class='ocrx_word' id='word_1_140' title='bbox 552 3488 807 3588; x_wconf 80' lang='lat' dir='ltr'>(incorrectam)</span> <span class='ocrx_word' id='word_1_141' title='bbox 824 3491 914 3564; x_wconf 92' lang='lat' dir='ltr'>hanc</span> <span class='ocrx_word' id='word_1_142' title='bbox 939 3494 1196 3584; x_wconf 63' lang='lat' dir='ltr'>deceptiom</span> 
     </span>
     <span class='ocr_line' id='line_1_25' title="bbox 202 3607 1197 3716; baseline 0.002 -23"><span class='ocrx_word' id='word_1_143' title='bbox 202 3623 378 3716; x_wconf 77' lang='lat' dir='ltr'>ineptiam</span> <span class='ocrx_word' id='word_1_144' title='bbox 391 3627 425 3693; x_wconf 90' lang='lat' dir='ltr'>et</span> <span class='ocrx_word' id='word_1_145' title='bbox 435 3607 659 3694; x_wconf 76' lang='lat' dir='ltr'>stoliditatem</span> <span class='ocrx_word' id='word_1_146' title='bbox 672 3618 895 3696; x_wconf 83' lang='lat' dir='ltr'>didicerunt:</span> <span class='ocrx_word' id='word_1_147' title='bbox 910 3640 957 3694; x_wconf 80' lang='lat' dir='ltr'>ex</span> <span class='ocrx_word' id='word_1_148' title='bbox 971 3640 1040 3714; x_wconf 90' lang='lat' dir='ltr'>quo</span> <span class='ocrx_word' id='word_1_149' title='bbox 1055 3618 1197 3695; x_wconf 83' lang='lat' dir='ltr'>eGallia</span> 
     </span>
     <span class='ocr_line' id='line_1_26' title="bbox 205 3741 1198 3842; baseline -0.004 -20"><span class='ocrx_word' id='word_1_150' title='bbox 205 3743 491 3839; x_wconf 79' lang='lat' dir='ltr'>crispisulcandis</span> <span class='ocrx_word' id='word_1_151' title='bbox 520 3741 706 3842; x_wconf 62' lang='lat' dir='ltr'>capitibus</span> <span class='ocrx_word' id='word_1_152' title='bbox 721 3745 827 3816; x_wconf 89' lang='lat' dir='ltr'>etiam</span> <span class='ocrx_word' id='word_1_153' title='bbox 860 3763 925 3838; x_wconf 92' lang='lat' dir='ltr'>pro</span> <span class='ocrx_word' id='word_1_154' title='bbox 957 3743 1091 3826; x_wconf 79' lang='lat' dir='ltr'>Bossia,</span> <span class='ocrx_word' id='word_1_155' title='bbox 1127 3765 1198 3820; x_wconf 89' lang='lat' dir='ltr'>non</span> 
     </span>
     <span class='ocr_line' id='line_1_27' title="bbox 204 3865 1200 3966; baseline 0.005 -25"><span class='ocrx_word' id='word_1_156' title='bbox 204 3866 349 3941; x_wconf 75' lang='lat' dir='ltr'>defuere</span> <span class='ocrx_word' id='word_1_157' title='bbox 377 3865 550 3960; x_wconf 79' lang='lat' dir='ltr'>magistri.</span> <span class='ocrx_word' id='word_1_158' title='bbox 581 3865 719 3940; x_wconf 88' lang='lat' dir='ltr'>Utinam</span> <span class='ocrx_word' id='word_1_159' title='bbox 747 3886 900 3940; x_wconf 86' lang='lat' dir='ltr'>canones</span> <span class='ocrx_word' id='word_1_160' title='bbox 923 3867 970 3938; x_wconf 83' lang='lat' dir='ltr'>to</span> <span class='ocrx_word' id='word_1_161' title='bbox 996 3877 1031 3940; x_wconf 86' lang='lat' dir='ltr'>et</span> <span class='ocrx_word' id='word_1_162' title='bbox 1054 3865 1102 3942; x_wconf 79' lang='lat'>78</span> <span class='ocrx_word' id='word_1_163' title='bbox 1120 3869 1200 3966; x_wconf 77' lang='lat' dir='ltr'>plus</span> 
     </span>
     <span class='ocr_line' id='line_1_28' title="bbox 205 3990 1201 4090; baseline -0.004 -18"><span class='ocrx_word' id='word_1_164' title='bbox 205 4001 323 4072; x_wconf 80' lang='lat' dir='ltr'>essent</span> <span class='ocrx_word' id='word_1_165' title='bbox 338 3991 373 4064; x_wconf 90' lang='lat' dir='ltr'>in</span> <span class='ocrx_word' id='word_1_166' title='bbox 394 4013 459 4064; x_wconf 83' lang='lat' dir='ltr'>usu</span> <span class='ocrx_word' id='word_1_167' title='bbox 470 3991 547 4066; x_wconf 84' lang='lat' dir='ltr'>:ilio</span> <span class='ocrx_word' id='word_1_168' title='bbox 574 3990 787 4066; x_wconf 86' lang='lat' dir='ltr'>decernente</span> <span class='ocrx_word' id='word_1_169' title='bbox 805 3991 901 4088; x_wconf 89' lang='lat' dir='ltr'>quod</span> <span class='ocrx_word' id='word_1_170' title='bbox 917 3991 1129 4090; x_wconf 88' lang='lat' dir='ltr'>episcopi,et</span> <span class='ocrx_word' id='word_1_171' title='bbox 1143 3995 1201 4068; x_wconf 76' lang='lat' dir='ltr'>uhi</span> 
     </span>
    </p>
   </div>
   <div class='ocr_carea' id='block_1_3' title="bbox 0 0 1595 5130">
    <p class='ocr_par' dir='ltr' id='par_1_4' title="bbox 0 0 1595 5130">
     <span class='ocr_line' id='line_1_29' title="bbox 0 0 1595 5130; baseline 0 0"><span class='ocrx_word' id='word_1_172' title='bbox 0 0 1595 5130; x_wconf 95' lang='lat' dir='ltr'> </span> 
     </span>
    </p>
   </div>
  </div>
 </body>
</html>
