3148 5132
814 647 921 698 -Xll
948 665 980 678 ⁴·

305 909 306 914 ,
395 832 571 920 peragravit
585 832 699 900 Ribera
714 829 777 900 lere
800 828 966 926 integram,
988 825 1074 894 uaria
1092 821 1255 896 infortunii
1275 816 1386 888 discri-

395 955 529 1037 minant
540 955 606 1040 ipse
617 954 762 1034 testatur,
769 969 898 1036 passus:
913 970 949 1017 ex
964 948 1111 1016 cathedra
1122 947 1191 1013 tum
1202 943 1388 1012 scholastica

396 1075 466 1141 tum
478 1075 657 1158 euangelica
668 1073 789 1159 pulsus,
804 1071 836 1136 in
850 1068 1035 1154 requirenda
1042 1066 1168 1152 justitia
1178 1084 1238 1132 non
1251 1063 1388 1143 auditus

396 1213 493 1280 eoque
521 1196 623 1280 magis
654 1214 672 1260 a
694 1195 819 1262 fortuna
843 1192 995 1272 desertus,
1019 1207 1079 1273 qno
1103 1187 1248 1272 pluribus
1277 1184 1388 1251 amicis

395 1315 552 1400 praeditus,
576 1314 709 1398 denique
734 1312 898 1381 carissima
922 1309 983 1376 sibi
1007 1307 1202 1392 patriaenul.
1217 1306 1387 1392 (Respoas.

394 1432 874 1522 sect.1,n.22.)Tribnlationum
885 1430 1168 1513 istarumquaenarn
1177 1426 1274 1494 inerit
1283 1443 1386 1504 causa,

395 1556 585 1642 conjiciendo
609 1553 713 1640 potins
737 1571 831 1638 quam
856 1550 1036 1618 affirmando
1061 1549 1185 1633 assequi
1210 1549 1257 1618 fas
1280 1562 1327 1616 est
1351 1569 1387 1618 er

395 1675 649 1748 mododicendis.
1380 1667 1381 1677 ’

411 1769 413 1774 Ι
436 1798 640 1874 Ann01723‚
667 1793 844 1862 concionem
872 1809 992 1858 sacram
1017 1790 1130 1858 habuit
1144 1789 1260 1857 Ribera
1286 1809 1389 1858 coram

397 1922 508 1989 senatu
518 1919 603 2004 regio
618 1915 856 1984 Barcinonensi:
871 1913 904 1980 in
918 1932 980 1999 qna
988 1894 1160 1980 admodum
1175 1913 1253 1979 dura
1265 1912 1391 1978 locutus

291 2066 293 2070 ·
326 2072 328 2076 ·
399 2041 448 2108 est
466 2040 573 2108 contra
594 2037 888 2124 pseudopoliticose
908 2035 1014 2101 schola
1028 2034 1140 2100 famosi
1151 2033 1238 2100 illius
1252 2031 1392 2099 Maelia-

398 2158 485 2239 uelli,
500 2158 554 2241 qui
566 2157 709 2223 hominis
720 2155 864 2223 animam
876 2154 911 2222 ia
922 2152 1113 2220 mortc‘sicut
1125 2151 1290 2218 brutorum
1303 2151 1390 2216 ule'us

398 2278 512 2346 cadere
525 2277 685 2356 docuerat;
707 2295 839 2362 qnorum
854 2273 1024 2360 pessimam
1040 2273 1214 2340 doctrinam
1227 2271 1259 2338 S.
1277 2271 1391 2337 Hiero·

396 2416 511 2482 nymns
527 2397 736 2482 descripserat
756 2396 807 2461 his
820 2394 940 2461 verbis:
961 2424 972 2451 ι
991 2393 1226 2461 Monstrosares
1243 2396 1301 2476 est,
1319 2413 1391 2479 spe·

395 2519 476 2586 ciem
502 2519 616 2585 habere
643 2517 857 2585 columbinam
882 2518 914 2583 ot
936 2519 1074 2584 mentem
1096 2517 1248 2599 caninam,
1271 2496 1413 2602 proies-¹

395 2642 642 2708 sionemovinam
653 2642 685 2707 et
697 2640 902 2706 intentionem
911 2641 1150 2724 lupinamintus
1157 2660 1223 2708 esse
1233 2642 1389 2709 Neronem

397 2762 429 2826 et
444 2759 519 2825 foris
544 2777 689 2843 apparere
716 2759 901 2825 Catonern.»
929 2759 999 2841 (Ep.
1018 2759 1116 2844 LIX.)
1130 2759 1223 2825 Tales
1248 2761 1389 2826 homines

396 2879 596 2964 comparabat
620 2879 737 2945 Ribera
752 2879 856 2944 simiis
868 2877 1008 2962 ripaeis,
1023 2878 1096 2962 quia
1111 2879 1274 2946 simiarum
1288 2881 1390 2946 instar

306 3022 307 3026 ¹
395 2999 500 3066 omnia
512 2999 637 3083 fingunt
654 3000 686 3064 et
700 2997 877 3078 imitantur,
886 3017 1033 3082 pavorum
1049 3000 1153 3065 autem
1169 3017 1254 3065 more
1269 2978 1389 3068 auratis

396 3119 536 3184 vestibus
552 3118 698 3184 distincti
713 3117 864 3184 incedunt
879 3117 979 3202 (Echo
992 3119 1050 3202 fid.
1064 3120 1143 3204 part.
1157 3121 1186 3197 1,
1200 3137 1270 3204 pag.
1282 3119 1347 3203 42).

436 3256 553 3322 Verum
565 3273 624 3322 non
640 3255 743 3321 solum
757 3256 789 3320 in
804 3256 1074 3340 pseudopoliticos,
1084 3257 1139 3323 sed
1152 3258 1184 3322 in
1199 3257 1277 3323 alios
1291 3257 1387 3324 etiam
1436 3289 1439 3296 ·

394 3378 535 3445 homines
553 3378 693 3462 cujusvis
715 3379 819 3444 status
845 3381 901 3444 ant
926 3378 1110 3445 conditionis
1125 3380 1320 3447 concionator
1342 3382 1389 3446 in·

395 3501 528 3569 vehebat
541 3519 638 3585 aequo
655 3500 815 3582 audacius,
836 3501 995 3567 nullorum
1009 3501 1096 3568 uitiis
1110 3520 1249 3587 parcens.
1260 3503 1391 3570 Fatetur

395 3639 529 3707 namque
542 3640 574 3688 se
587 3619 692 3694 multa
705 3622 790 3708 mala
803 3641 986 3707 perpessum
999 3623 1123 3708 propter
1136 3621 1283 3690 Alvarem
1295 3623 1387 3690 Pela·

393 3742 494 3827 gium,
510 3743 704 3834 Hispanum,
732 3743 824 3829 cujus
849 3743 993 3809 acerbam
1019 3743 1052 3808 in
1073 3743 1193 3809 milites
1218 3745 1390 3829 protulerat

393 3867 558 3952 aliquando
573 3867 770 3933 seutentiam.
786 3867 863 3932 llrat
875 3865 936 3934 ista
952 3885 1010 3932 sua
1028 3867 1129 3948 aetate,
1145 3885 1188 3933 sc.
1209 3886 1279 3935 saec.
1300 3867 1385 3943 XIV,

395 3985 722 4072 magnaeauctoritatis
748 3984 805 4064 uir,
821 4001 856 4051 er
874 3983 1101 4066 poenitentiario
1122 4004 1210 4072 papae
1237 3983 1387 4053 Siluensis
