3124 5126
597 536 764 597 ..71..

182 699 361 771 vinculum
385 721 455 771 non
481 703 609 796 rumpi,
631 722 769 795 semper
794 702 857 773 fult
881 678 1079 785 creditdm3
1098 718 1176 800 post

174 821 350 916 synodum
367 823 605 894 Tridentinam
626 833 679 894 est
693 822 822 914 dogma
838 823 1010 898 decisum.

227 948 261 1016 ln
278 947 486 1038 oppositum,
504 934 719 1028 dissolubile,
737 947 807 1018 imo
821 947 1085 1024 dissolvendum
1101 974 1179 1044 ma-¹

175 1069 327 1138 trimonii
336 1069 515 1140 vinculum
530 1069 734 1141 Moscovuae
744 1092 824 1140 cum
837 1069 968 1141 Graecis
983 1075 1168 1161 sustinent,

172 1193 421 1265 adulteraturis
447 1194 590 1286 impune
616 1195 702 1264 viris
731 1205 767 1264 et
798 1195 1002 1281 liberandis,
1036 1199 1173 1290 quoties

168 1318 386 1388 adulterasse
404 1317 669 1408 deprehendant
684 1339 823 1387 uxores.
846 1319 975 1388 Harum
997 1340 1065 1390 non
1089 1341 1172 1412 pau-

168 1460 231 1509 cas
248 1438 402 1523 credam,
423 1438 511 1507 sicut
525 1438 655 1521 audivi,
675 1419 1023 1531 adulterisquaesitis,
1041 1461 1062 1509 a
1083 1441 1173 1514 viris

171 1559 255 1652 ipsis
277 1559 486 1650 (desiderato
515 1560 677 1650 divortio)
704 1561 906 1652 expositas3
941 1561 1057 1652 plures
1086 1583 1169 1632 vero

164 1681 337 1752 adulterio
369 1703 433 1751 nec
466 1684 568 1773 plene
600 1683 774 1766 convicto,
808 1683 839 1752 vi
871 1683 967 1753 illata
988 1686 1167 1771 confesse,

166 1805 341 1876 conducto
351 1807 507 1896 jactante
529 1807 660 1876 crimen
679 1805 865 1876 confictum
886 1806 1045 1878 adultero
1063 1819 1168 1893 teste,

168 1930 224 1998 vel
243 1929 345 1998 aliter
363 1930 574 2010 insimulato,
595 1929 771 2000 dimissas
795 1931 908 2022 thue
924 1929 1078 2002 barbaro
1093 1933 1175 2002 uni·

169 2051 312 2133 versim,
351 2053 494 2142 profano
529 2063 564 2120 et
589 2052 683 2120 civili
713 2053 872 2122 virorum
907 2025 986 2145 ,pm
1029 2053 1170 2124 feminis

162 2175 434 2246 adulterantium
475 2177 659 2268 privilegio
696 2175 925 2246 christianum
960 2188 1163 2266 arrogatum

167 2298 349 2381 associent,
371 2310 406 2368 et
427 2296 649 2390 fornicationis
667 2320 798 2366 causum
821 2296 983 2391 accepisse
1001 2293 1173 2366 Christum

168 2421 300 2513 (llatlh.
324 2421 362 2490 V.
382 2423 473 2489 3³let
488 2421 580 2498 XlX,
598 2427 620 2491 9
639 2421 727 2512 lpro
740 2421 907 2492 solvendo
924 2421 969 2490 ob
984 2441 1061 2490 eam
1085 2440 1167 2490 con·
1239 2429 1246 2441 '

157 2545 261 2636 jogio
277 2559 468 2639 exponunt,
490 2558 524 2616 et
537 2552 624 2618 ciros
642 2549 755 2617 solum
774 2547 809 2615 in
830 2567 940 2618 uxore
960 2546 1167 2639 relinquen-

166 2668 211 2738 da
235 2670 364 2740 liberos
380 2669 543 2739 eumdem
574 2670 756 2763 reliquisse
781 2695 789 2738 :
810 2669 970 2754 feminas,
991 2681 1163 2754 econtra,

164 2790 344 2862 adulteros
360 2803 529 2886 quantum
546 2793 632 2863 viris
651 2791 758 2862 libeat
778 2791 1073 2878 dissimulatores,
1096 2793 1165 2864 de-

166 2914 322 2985 crevisse
345 2914 520 2984 Christum
534 2924 727 2986 autumant.
750 2913 854 2984 Primi
874 2913 908 2982 in
927 2934 1032 2984 causa
1051 2914 1168 2985 forni-

165 3037 311 3108 cationis
339 3037 528 3108 commenti
565 3037 830 3108 lundamentum
862 3037 1015 3128 allegant
1045 3064 1052 3110 :
1088 3037 1171 3130 quia
1211 3081 1215 3088 -

166 3159 319 3231 Christus
334 3157 489 3229 muitum
516 3160 739 3231 damnaverit
764 3137 1021 3252 quemcumque
1045 3144 1169 3229 dimit-

167 3291 298 3352 tentem
323 3303 470 3355 uxorem
490 3283 664 3374 aliamque
682 3283 883 3366 ducentem,
906 3279 974 3349 uisi
996 3278 1032 3348 cb
1054 3279 1171 3373 sorni-

167 3405 334 3486 cctionem,
350 3402 501 3496 indeque
514 3403 604 3474 hanc
617 3403 809 3498 exceperit.
824 3402 889 3487 Qui
905 3412 1021 3471 tamen
1038 3400 1171 3471 dimitti

167 3529 363 3600 adulteram
396 3531 607 3617 concedens,
647 3533 749 3602 aliam
785 3532 915 3603 ducere
955 3532 1051 3600 nullo
1087 3551 1172 3602 casu

170 3653 357 3742 intellexit,
369 3677 448 3726 cum
463 3656 714 3750 inseparabiles
724 3657 769 3726 ab
779 3655 921 3725 homine
935 3676 1011 3725 esse
1021 3653 1168 3740 dixerit,

169 3797 254 3868 quos
275 3778 366 3848 Deus
383 3779 587 3870 conjunxit:
605 3778 722 3863 idest,
737 3789 851 3849 torum
868 3778 1035 3871 pollutum
1057 3777 1170 3848 vitare

170 3919 236 3969 non
258 3898 461 3992 prohibens
481 3900 640 3972 divinum
655 3898 900 3971 indissolubile
914 3898 1093 3969 vinculum
1111 3897 1171 3968 ob·
