3124 5126
576 595 744 654 „95-

157 771 215 832 tur
231 771 352 856 postea
375 763 411 833 iu
425 765 555 836 feretro
578 763 732 857 lugubri,
752 765 798 838 ad
816 766 882 837 hoc
897 775 1019 861 parato
1033 789 1160 840 coena·

155 885 238 959 culo
265 913 274 972 ;
310 887 382 958 illic
412 889 585 960 alternant
614 888 739 962 choros
770 901 911 962 orantes
945 890 1156 987 presbyteri,

159 1008 322 1104 adusque
345 1013 553 1106 sepulcralia
573 1012 699 1095 officia,
724 1015 863 1099 nullibi,
885 1025 1031 1114 utputo,
1051 1017 1155 1089 ducta

155 1130 454 1224 magnificentius,
487 1135 522 1203 in
550 1134 647 1205 nullo
670 1157 740 1207 non
768 1137 957 1208 referentia
981 1138 1155 1231 piissimos

155 1254 258 1336 ritus,
280 1265 315 1326 et
330 1277 466 1346 graecos
480 1267 515 1328 et
529 1253 701 1356 proprios.
1048 1237 1055 1258 ⁸

204 1375 291 1447 lude
310 1377 403 1469 turpi
422 1378 603 1472 impietate
624 1378 763 1470 lingunt
780 1380 910 1472 ignari,
926 1381 1072 1452 mortuis
1086 1383 1153 1454 llu-

154 1497 270 1569 thenis
293 1498 390 1570 cibos
411 1503 562 1594 appoui;
584 1503 666 1593 quia
690 1503 914 1572 sacerrimam
943 1504 1149 1597 colyborum

153 1625 421 1696 succedentium
436 1627 557 1719 agapis
574 1627 773 1718 apostolicis
787 1627 1047 1718 antiquitatem,
1060 1631 1150 1702 sicut

154 1747 324 1833 Rutheni‚
344 1770 414 1819 non
431 1761 637 1819 memorant.
657 1750 740 1820 Esse
754 1751 885 1820 etenim
901 1749 935 1818 in
949 1753 1067 1842 grauis
1079 1773 1149 1824 nou

151 1873 256 1964 plene
274 1873 396 1957 coctio,
435 1873 511 1943 sive
537 1873 725 1943 fructuosae
752 1873 872 1944 mortis
904 1877 1147 1966 evangelicum

151 1995 365 2088 symbolum,
387 1996 462 2065 sive
492 1994 694 2065 christianae
729 1995 884 2066 caritatis
919 2010 1148 2070 memoratum

150 2130 272 2188 contra
285 2119 410 2190 Iuliani
428 2119 851 2213 apostataecthnicismum
869 2119 1027 2190 divinum
1046 2121 1148 2192 mira-

149 2243 283 2327 culum,
302 2244 377 2314 sive
402 2245 556 2314 caritatis
581 2243 741 2333 ejusdem
759 2245 794 2312 in
809 2243 1010 2337 apostolicis
1028 2248 1146 2339 agapis

149 2380 430 2454 monumentum,
448 2371 523 2440 sive
541 2369 757 2440 oblationum
780 2370 937 2440 ecclesiis
958 2382 994 2441 ct
1011 2394 1147 2465 paupe-

149 2488 1142 2584 ribusexhibitarummemoriam,fuseexplicuisuolocO,

147 2622 185 2679 ut
202 2611 416 2684 Novatorum
444 2613 615 2683 stoliditas
649 2612 892 2683 obmutescat:
926 2615 1025 2684 testis
1049 2615 1144 2686 euim

145 2731 205 2818 fio,
233 2733 293 2825 qui
324 2733 369 2804 ad
395 2737 634 2806 Ruthenorum
666 2733 792 2829 colyba
820 2735 1039 2838 degustanda
1065 2759 1143 2807 cum

141 2856 227 2951 ipsis
244 2879 313 2928 non
329 2857 437 2928 delui.
452 2859 517 2943 Qui
535 2858 881 2953 praedictam‘quaest.
897 2862 942 2928 66
970 2859 1143 2953 integram

140 2979 282 3073 legerit,
302 3005 371 3052 nou
387 2984 498 3053 solum
513 2983 605 3052 circa
618 2981 746 3076 colyba
765 2983 955 3067 inscitiam,
969 2983 1031 3054 sed
1047 2986 1142 3056 frau-

145 3091 225 3163 dem
244 3093 523 3164 Lutheranorum
538 3094 741 3186 comperiet,
758 3115 826 3190 qua
842 3094 930 3163 salvi
948 3095 1142 3169 conductus

144 3217 279 3288 litteras
298 3218 343 3288 ud
361 3221 395 3287 S.
418 3219 558 3287 Petrum
574 3217 721 3288 mortuis
738 3217 827 3288 dare
841 3217 1021 3288 Rutbeuos
1034 3219 1140 3288 effin-

141 3353 242 3430 gunt.
272 3340 448 3412 Falsarios
475 3324 536 3410 eos
565 3337 697 3409 ibidem
727 3339 889 3420 ostendo,
906 3361 984 3409 cum
1018 3361 1139 3410 veram

143 3463 314 3557 appositae
338 3463 526 3534 humandis
555 3462 760 3558 corporibus
787 3464 919 3534 chartae
941 3465 1139 3534 versionem

140 3585 300 3672 latinam,
318 3587 456 3659 detecto
471 3609 550 3658 eam
564 3586 836 3658 adulterantium
852 3587 947 3673 dolo,
959 3587 1113 3658 exhibeo
1125 3592 1147 3672 ;'

140 3733 247 3804 quam
265 3713 301 3780 in
319 3712 481 3805 originali
497 3711 677 3782 slavonico
702 3709 837 3796 videre,
856 3731 963 3804 penes
979 3732 1047 3795 me,
1069 3732 1137 3781 cu-

143 3809 446 3928 pientiservatam
465 3833 572 3904 offero
591 3832 651 3926 (l).
679 3833 738 3902 Est
763 3832 872 3924 igitur
900 3841 975 3932 orta
1001 3831 1137 3927 abipso

178 3995 219 4068 (l)
239 3996 426 4068 CfrAppend.
446 3997 525 4054 XIII.
