<?xml version="1.0" encoding="UTF-8"?>
<!DOCTYPE html PUBLIC "-//W3C//DTD XHTML 1.0 Transitional//EN"
    "http://www.w3.org/TR/xhtml1/DTD/xhtml1-transitional.dtd">
<html xmlns="http://www.w3.org/1999/xhtml" xml:lang="en" lang="en">
 <head>
  <title>
</title>
<meta http-equiv="Content-Type" content="text/html;charset=utf-8" />
  <meta name='ocr-system' content='tesseract 3.04.00' />
  <meta name='ocr-capabilities' content='ocr_page ocr_carea ocr_par ocr_line ocrx_word'/>
</head>
<body>
  <div class='ocr_page' id='page_1' title='image "./brevisenarratio00ribegoog/brevisenarratio00ribegoog_0073.png"; bbox 0 0 3148 5132; ppageno 0'>
   <div class='ocr_carea' id='block_1_1' title="bbox 795 594 962 658">
    <p class='ocr_par' dir='ltr' id='par_1_1' title="bbox 795 594 962 658">
     <span class='ocr_line' id='line_1_1' title="bbox 795 594 962 658; baseline 0 -10"><span class='ocrx_word' id='word_1_1' title='bbox 795 594 962 658; x_wconf 77' lang='lat'><em>..34-</em></span> 
     </span>
    </p>
   </div>
   <div class='ocr_carea' id='block_1_2' title="bbox 299 759 1380 4168">
    <p class='ocr_par' dir='ltr' id='par_1_2' title="bbox 299 759 1378 2816">
     <span class='ocr_line' id='line_1_2' title="bbox 380 759 1373 858; baseline -0.003 -20"><span class='ocrx_word' id='word_1_2' title='bbox 380 763 496 848; x_wconf 90' lang='lat' dir='ltr'><strong>titulo,</strong></span> <span class='ocrx_word' id='word_1_3' title='bbox 511 761 728 858; x_wconf 82' lang='lat' dir='ltr'>auctorisque</span> <span class='ocrx_word' id='word_1_4' title='bbox 740 760 929 836; x_wconf 83' lang='lat' dir='ltr'><strong>deficiente</strong></span> <span class='ocrx_word' id='word_1_5' title='bbox 940 759 1081 834; x_wconf 89' lang='lat' dir='ltr'><strong>nomine</strong></span> <span class='ocrx_word' id='word_1_6' title='bbox 1093 779 1164 832; x_wconf 90' lang='lat' dir='ltr'><strong>non</strong></span> <span class='ocrx_word' id='word_1_7' title='bbox 1178 759 1373 835; x_wconf 87' lang='lat' dir='ltr'><strong>noscenda.</strong></span> 
     </span>
     <span class='ocr_line' id='line_1_3' title="bbox 379 881 1376 979; baseline -0.004 -19"><span class='ocrx_word' id='word_1_8' title='bbox 379 887 530 975; x_wconf 80' lang='lat' dir='ltr'>Quidam</span> <span class='ocrx_word' id='word_1_9' title='bbox 559 881 758 956; x_wconf 62' lang='lat' dir='ltr'><strong>stativarum</strong></span> <span class='ocrx_word' id='word_1_10' title='bbox 786 893 932 956; x_wconf 85' lang='lat' dir='ltr'><strong>vocatus</strong></span> <span class='ocrx_word' id='word_1_11' title='bbox 954 881 1169 979; x_wconf 72' lang='lat' dir='ltr'><strong>producitur,</strong></span> <span class='ocrx_word' id='word_1_12' title='bbox 1199 884 1246 957; x_wconf 91' lang='lat' dir='ltr'><strong>ad</strong></span> <span class='ocrx_word' id='word_1_13' title='bbox 1273 903 1376 958; x_wconf 89' lang='lat' dir='ltr'><strong>usam</strong></span> 
     </span>
     <span class='ocr_line' id='line_1_4' title="bbox 381 1003 1375 1100; baseline -0.006 -18"><span class='ocrx_word' id='word_1_14' title='bbox 381 1028 600 1082; x_wconf 89' lang='lat' dir='ltr'><strong>communem</strong></span> <span class='ocrx_word' id='word_1_15' title='bbox 610 1007 811 1100; x_wconf 88' lang='lat' dir='ltr'><strong>psalterium</strong></span> <span class='ocrx_word' id='word_1_16' title='bbox 824 1005 994 1078; x_wconf 84' lang='lat' dir='ltr'><strong>offerens:</strong></span> <span class='ocrx_word' id='word_1_17' title='bbox 1012 1003 1183 1098; x_wconf 87' lang='lat' dir='ltr'><strong>aliusque,</strong></span> <span class='ocrx_word' id='word_1_18' title='bbox 1200 1014 1277 1099; x_wconf 86' lang='lat' dir='ltr'><strong>post</strong></span> <span class='ocrx_word' id='word_1_19' title='bbox 1293 1005 1375 1078; x_wconf 85' lang='lat' dir='ltr'><strong>vul-</strong></span> 
     </span>
     <span class='ocr_line' id='line_1_5' title="bbox 378 1126 1371 1224; baseline -0.005 -21"><span class='ocrx_word' id='word_1_20' title='bbox 378 1151 482 1224; x_wconf 82' lang='lat' dir='ltr'><strong>gares</strong></span> <span class='ocrx_word' id='word_1_21' title='bbox 510 1130 766 1217; x_wconf 86' lang='lat' dir='ltr'><strong>oratiunculas,</strong></span> <span class='ocrx_word' id='word_1_22' title='bbox 796 1150 876 1200; x_wconf 90' lang='lat' dir='ltr'><strong>cum</strong></span> <span class='ocrx_word' id='word_1_23' title='bbox 906 1128 1109 1200; x_wconf 83' lang='lat' dir='ltr'><strong>Graecorum</strong></span> <span class='ocrx_word' id='word_1_24' title='bbox 1138 1126 1371 1220; x_wconf 85' lang='lat' dir='ltr'><strong>quibusdam,</strong></span> 
     </span>
     <span class='ocr_line' id='line_1_6' title="bbox 378 1249 1373 1347; baseline -0.005 -22"><span class='ocrx_word' id='word_1_25' title='bbox 378 1253 578 1326; x_wconf 86' lang='lat' dir='ltr'><strong>Latinorum</strong></span> <span class='ocrx_word' id='word_1_26' title='bbox 592 1252 734 1347; x_wconf 88' lang='lat' dir='ltr'><strong>pariter,</strong></span> <span class='ocrx_word' id='word_1_27' title='bbox 752 1271 872 1338; x_wconf 88' lang='lat' dir='ltr'><strong>versos</strong></span> <span class='ocrx_word' id='word_1_28' title='bbox 885 1258 1051 1324; x_wconf 82' lang='lat' dir='ltr'><strong>tractatus</strong></span> <span class='ocrx_word' id='word_1_29' title='bbox 1065 1249 1278 1343; x_wconf 81' lang='lat' dir='ltr'><strong>permiscens</strong></span> <span class='ocrx_word' id='word_1_30' title='bbox 1293 1276 1302 1336; x_wconf 75' lang='grc' dir='ltr'><strong><em>ς</em></strong></span> <span class='ocrx_word' id='word_1_31' title='bbox 1320 1249 1373 1320; x_wconf 93' lang='lat' dir='ltr'><strong>in·</strong></span> 
     </span>
     <span class='ocr_line' id='line_1_7' title="bbox 378 1367 1374 1467; baseline -0.004 -21"><span class='ocrx_word' id='word_1_32' title='bbox 378 1384 434 1446; x_wconf 89' lang='lat' dir='ltr'><strong>tar</strong></span> <span class='ocrx_word' id='word_1_33' title='bbox 449 1395 544 1467; x_wconf 85' lang='lat' dir='ltr'><strong>quae,</strong></span> <span class='ocrx_word' id='word_1_34' title='bbox 576 1374 748 1446; x_wconf 90' lang='lat' dir='ltr'><strong>canticum</strong></span> <span class='ocrx_word' id='word_1_35' title='bbox 774 1371 814 1442; x_wconf 81' lang='lat' dir='ltr'><strong>Te</strong></span> <span class='ocrx_word' id='word_1_36' title='bbox 834 1372 939 1444; x_wconf 77' lang='lat' dir='ltr'><strong>Deum</strong></span> <span class='ocrx_word' id='word_1_37' title='bbox 966 1367 1149 1458; x_wconf 76' lang='lat' dir='ltr'><strong>laudamus,</strong></span> <span class='ocrx_word' id='word_1_38' title='bbox 1176 1369 1374 1442; x_wconf 87' lang='lat' dir='ltr'><strong>accuratis-</strong></span> 
     </span>
     <span class='ocr_line' id='line_1_8' title="bbox 379 1494 1376 1594; baseline -0.004 -24"><span class='ocrx_word' id='word_1_39' title='bbox 379 1497 467 1570; x_wconf 85' lang='lat' dir='ltr'>sime</span> <span class='ocrx_word' id='word_1_40' title='bbox 493 1498 636 1590; x_wconf 80' lang='lat' dir='ltr'><strong>legitur,</strong></span> <span class='ocrx_word' id='word_1_41' title='bbox 672 1498 920 1594; x_wconf 81' lang='lat' dir='ltr'><strong>prolegomena</strong></span> <span class='ocrx_word' id='word_1_42' title='bbox 944 1495 1133 1590; x_wconf 80' lang='lat' dir='ltr'>Augustini</span> <span class='ocrx_word' id='word_1_43' title='bbox 1157 1496 1194 1565; x_wconf 89' lang='lat' dir='ltr'><strong>in</strong></span> <span class='ocrx_word' id='word_1_44' title='bbox 1223 1494 1376 1566; x_wconf 90' lang='lat' dir='ltr'><strong>Psalmos</strong></span> 
     </span>
     <span class='ocr_line' id='line_1_9' title="bbox 379 1617 1377 1703; baseline -0.004 -11"><span class='ocrx_word' id='word_1_45' title='bbox 379 1621 583 1703; x_wconf 90' lang='lat' dir='ltr'><strong>traduntur,</strong></span> <span class='ocrx_word' id='word_1_46' title='bbox 609 1630 645 1690; x_wconf 85' lang='lat' dir='ltr'><strong>ct</strong></span> <span class='ocrx_word' id='word_1_47' title='bbox 662 1621 742 1692; x_wconf 86' lang='lat' dir='ltr'><strong>alia.</strong></span> <span class='ocrx_word' id='word_1_48' title='bbox 769 1621 842 1692; x_wconf 89' lang='lat' dir='ltr'><strong>Hoc</strong></span> <span class='ocrx_word' id='word_1_49' title='bbox 861 1619 1001 1690; x_wconf 90' lang='lat' dir='ltr'><strong>unicum</strong></span> <span class='ocrx_word' id='word_1_50' title='bbox 1027 1619 1079 1690; x_wconf 89' lang='lat' dir='ltr'><strong>cis</strong></span> <span class='ocrx_word' id='word_1_51' title='bbox 1097 1639 1154 1690; x_wconf 89' lang='lat' dir='ltr'><strong>me</strong></span> <span class='ocrx_word' id='word_1_52' title='bbox 1172 1617 1377 1700; x_wconf 86' lang='lat' dir='ltr'><strong>desiderare</strong></span> 
     </span>
     <span class='ocr_line' id='line_1_10' title="bbox 379 1739 1376 1834; baseline 0 -20"><span class='ocrx_word' id='word_1_53' title='bbox 379 1741 456 1814; x_wconf 84' lang='lat' dir='ltr'>dixi</span> <span class='ocrx_word' id='word_1_54' title='bbox 471 1742 692 1834; x_wconf 79' lang='lat' dir='ltr'><strong>frequenter,</strong></span> <span class='ocrx_word' id='word_1_55' title='bbox 720 1752 757 1812; x_wconf 87' lang='lat' dir='ltr'><strong>ut</strong></span> <span class='ocrx_word' id='word_1_56' title='bbox 781 1739 954 1834; x_wconf 86' lang='lat' dir='ltr'>siquidem</span> <span class='ocrx_word' id='word_1_57' title='bbox 972 1760 1144 1812; x_wconf 87' lang='lat' dir='ltr'><strong>summam</strong></span> <span class='ocrx_word' id='word_1_58' title='bbox 1171 1740 1376 1833; x_wconf 77' lang='lat' dir='ltr'><strong>Theologiae</strong></span> 
     </span>
     <span class='ocr_line' id='line_1_11' title="bbox 380 1862 1375 1957; baseline -0.002 -21"><span class='ocrx_word' id='word_1_59' title='bbox 380 1865 416 1936; x_wconf 93' lang='lat' dir='ltr'><strong>S.</strong></span> <span class='ocrx_word' id='word_1_60' title='bbox 440 1865 584 1934; x_wconf 82' lang='lat' dir='ltr'><strong>Thomas</strong></span> <span class='ocrx_word' id='word_1_61' title='bbox 616 1865 799 1957; x_wconf 74' lang='lat' dir='ltr'><strong>aquinatis</strong></span> <span class='ocrx_word' id='word_1_62' title='bbox 830 1862 943 1934; x_wconf 84' lang='lat' dir='ltr'><strong>Graeci</strong></span> <span class='ocrx_word' id='word_1_63' title='bbox 976 1863 1244 1949; x_wconf 87' lang='lat' dir='ltr'><strong>transtulerunt,</strong></span> <span class='ocrx_word' id='word_1_64' title='bbox 1276 1863 1375 1953; x_wconf 85' lang='lat' dir='ltr'><strong>cujus</strong></span> 
     </span>
     <span class='ocr_line' id='line_1_12' title="bbox 379 1984 1377 2081; baseline -0.003 -22"><span class='ocrx_word' id='word_1_65' title='bbox 379 1986 594 2080; x_wconf 89' lang='lat' dir='ltr'><strong>duplicatum</strong></span> <span class='ocrx_word' id='word_1_66' title='bbox 627 1987 808 2081; x_wconf 83' lang='lat' dir='ltr'><strong>exemplar</strong></span> <span class='ocrx_word' id='word_1_67' title='bbox 832 1994 1036 2056; x_wconf 81' lang='lat' dir='ltr'><strong>numeratur</strong></span> <span class='ocrx_word' id='word_1_68' title='bbox 1065 1984 1101 2055; x_wconf 92' lang='lat' dir='ltr'><strong>in</strong></span> <span class='ocrx_word' id='word_1_69' title='bbox 1136 1985 1296 2076; x_wconf 76' lang='lat' dir='ltr'><strong>catalogo</strong></span> <span class='ocrx_word' id='word_1_70' title='bbox 1315 1985 1377 2056; x_wconf 92' lang='lat' dir='ltr'><strong>hi-</strong></span> 
     </span>
     <span class='ocr_line' id='line_1_13' title="bbox 380 2105 1378 2202; baseline -0.002 -24"><span class='ocrx_word' id='word_1_71' title='bbox 380 2106 567 2181; x_wconf 88' lang='lat' dir='ltr'><strong>bliothccae</strong></span> <span class='ocrx_word' id='word_1_72' title='bbox 581 2105 773 2202; x_wconf 89' lang='lat' dir='ltr'><strong>imperialis</strong></span> <span class='ocrx_word' id='word_1_73' title='bbox 789 2109 963 2193; x_wconf 86' lang='lat' dir='ltr'><strong>Moscuae;</strong></span> <span class='ocrx_word' id='word_1_74' title='bbox 989 2107 1109 2180; x_wconf 86' lang='lat' dir='ltr'><strong>utilem</strong></span> <span class='ocrx_word' id='word_1_75' title='bbox 1127 2105 1196 2178; x_wconf 91' lang='lat' dir='ltr'><strong>sibi</strong></span> <span class='ocrx_word' id='word_1_76' title='bbox 1213 2127 1284 2178; x_wconf 92' lang='lat' dir='ltr'><strong>non</strong></span> <span class='ocrx_word' id='word_1_77' title='bbox 1305 2105 1378 2178; x_wconf 92' lang='lat' dir='ltr'><strong>mi-</strong></span> 
     </span>
     <span class='ocr_line' id='line_1_14' title="bbox 299 2227 1377 2316; baseline -0.002 -14"><span class='ocrx_word' id='word_1_78' title='bbox 299 2227 301 2231; x_wconf 72' lang='grc'>’</span> <span class='ocrx_word' id='word_1_79' title='bbox 381 2252 447 2302; x_wconf 89' lang='lat' dir='ltr'><strong>nus</strong></span> <span class='ocrx_word' id='word_1_80' title='bbox 482 2233 643 2304; x_wconf 84' lang='lat' dir='ltr'><strong>liuthena</strong></span> <span class='ocrx_word' id='word_1_81' title='bbox 676 2231 819 2302; x_wconf 88' lang='lat' dir='ltr'><strong>deuotio</strong></span> <span class='ocrx_word' id='word_1_82' title='bbox 856 2230 1046 2316; x_wconf 89' lang='lat' dir='ltr'><strong>redderet,</strong></span> <span class='ocrx_word' id='word_1_83' title='bbox 1082 2229 1307 2301; x_wconf 85' lang='lat' dir='ltr'><strong>lectitandam</strong></span> <span class='ocrx_word' id='word_1_84' title='bbox 1340 2229 1377 2300; x_wconf 91' lang='lat' dir='ltr'><strong>in</strong></span> 
     </span>
     <span class='ocr_line' id='line_1_15' title="bbox 380 2353 1376 2447; baseline -0.001 -23"><span class='ocrx_word' id='word_1_85' title='bbox 380 2356 606 2428; x_wconf 89' lang='lat' dir='ltr'><strong>translatione</strong></span> <span class='ocrx_word' id='word_1_86' title='bbox 631 2354 835 2426; x_wconf 84' lang='lat' dir='ltr'><strong>slavonica:</strong></span> <span class='ocrx_word' id='word_1_87' title='bbox 857 2353 952 2446; x_wconf 91' lang='lat' dir='ltr'><strong>quod</strong></span> <span class='ocrx_word' id='word_1_88' title='bbox 967 2355 1138 2424; x_wconf 84' lang='lat' dir='ltr'><strong>iacturum</strong></span> <span class='ocrx_word' id='word_1_89' title='bbox 1156 2354 1185 2424; x_wconf 89' lang='lat' dir='ltr'><strong>si</strong></span> <span class='ocrx_word' id='word_1_90' title='bbox 1211 2353 1376 2447; x_wconf 92' lang='lat' dir='ltr'><strong>quicum-</strong></span> 
     </span>
     <span class='ocr_line' id='line_1_16' title="bbox 379 2473 1373 2572; baseline -0.002 -24"><span class='ocrx_word' id='word_1_91' title='bbox 379 2499 448 2572; x_wconf 88' lang='lat' dir='ltr'><strong>que</strong></span> <span class='ocrx_word' id='word_1_92' title='bbox 461 2478 547 2550; x_wconf 91' lang='lat' dir='ltr'><strong>mihi</strong></span> <span class='ocrx_word' id='word_1_93' title='bbox 561 2478 719 2550; x_wconf 89' lang='lat' dir='ltr'><strong>scribens</strong></span> <span class='ocrx_word' id='word_1_94' title='bbox 735 2475 938 2570; x_wconf 78' lang='lat' dir='ltr'><strong>sponderet,</strong></span> <span class='ocrx_word' id='word_1_95' title='bbox 955 2477 991 2546; x_wconf 90' lang='lat' dir='ltr'><strong>in</strong></span> <span class='ocrx_word' id='word_1_96' title='bbox 1009 2474 1221 2548; x_wconf 87' lang='lat' dir='ltr'><strong>remittendo</strong></span> <span class='ocrx_word' id='word_1_97' title='bbox 1235 2473 1373 2546; x_wconf 89' lang='lat' dir='ltr'><strong>adeum</strong></span> 
     </span>
     <span class='ocr_line' id='line_1_17' title="bbox 381 2597 1375 2694; baseline -0.002 -22"><span class='ocrx_word' id='word_1_98' title='bbox 381 2601 491 2673; x_wconf 89' lang='lat' dir='ltr'><strong>latino</strong></span> <span class='ocrx_word' id='word_1_99' title='bbox 516 2600 711 2694; x_wconf 77' lang='lat' dir='ltr'><strong>exemplari</strong></span> <span class='ocrx_word' id='word_1_100' title='bbox 738 2599 843 2694; x_wconf 88' lang='lat' dir='ltr'><strong>(quod</strong></span> <span class='ocrx_word' id='word_1_101' title='bbox 860 2598 953 2694; x_wconf 91' lang='lat' dir='ltr'><strong>apud</strong></span> <span class='ocrx_word' id='word_1_102' title='bbox 963 2600 1147 2672; x_wconf 84' lang='lat' dir='ltr'><strong>neminem</strong></span> <span class='ocrx_word' id='word_1_103' title='bbox 1164 2597 1286 2670; x_wconf 85' lang='lat' dir='ltr'><strong>audivi</strong></span> <span class='ocrx_word' id='word_1_104' title='bbox 1301 2619 1375 2672; x_wconf 90' lang='lat' dir='ltr'><strong>ser·</strong></span> 
     </span>
     <span class='ocr_line' id='line_1_18' title="bbox 385 2719 1299 2816; baseline -0.005 -19"><span class='ocrx_word' id='word_1_105' title='bbox 385 2723 463 2797; x_wconf 86' lang='lat' dir='ltr'><strong>vari</strong></span> <span class='ocrx_word' id='word_1_106' title='bbox 484 2723 682 2816; x_wconf 79' lang='lat' dir='ltr'><strong>in-llussia),</strong></span> <span class='ocrx_word' id='word_1_107' title='bbox 702 2743 781 2794; x_wconf 88' lang='lat' dir='ltr'><strong>mea</strong></span> <span class='ocrx_word' id='word_1_108' title='bbox 804 2721 1026 2816; x_wconf 89' lang='lat' dir='ltr'><strong>providentia</strong></span> <span class='ocrx_word' id='word_1_109' title='bbox 1052 2741 1121 2792; x_wconf 92' lang='lat' dir='ltr'><strong>nou</strong></span> <span class='ocrx_word' id='word_1_110' title='bbox 1148 2719 1299 2792; x_wconf 84' lang='lat' dir='ltr'><strong>deesset.</strong></span> 
     </span>
    </p>

    <p class='ocr_par' dir='ltr' id='par_1_3' title="bbox 383 2843 1380 4168">
     <span class='ocr_line' id='line_1_19' title="bbox 430 2843 1380 2922; baseline -0.002 -6"><span class='ocrx_word' id='word_1_111' title='bbox 430 2843 575 2916; x_wconf 78' lang='lat' dir='ltr'><strong>Iudicem</strong></span> <span class='ocrx_word' id='word_1_112' title='bbox 597 2843 755 2914; x_wconf 83' lang='lat' dir='ltr'><strong>librorum</strong></span> <span class='ocrx_word' id='word_1_113' title='bbox 778 2865 798 2915; x_wconf 92' lang='lat' dir='ltr'><strong>a</strong></span> <span class='ocrx_word' id='word_1_114' title='bbox 816 2845 949 2916; x_wconf 86' lang='lat' dir='ltr'><strong>Graecis</strong></span> <span class='ocrx_word' id='word_1_115' title='bbox 972 2844 1177 2922; x_wconf 87' lang='lat' dir='ltr'><strong>translatum</strong></span> <span class='ocrx_word' id='word_1_116' title='bbox 1196 2854 1380 2916; x_wconf 88' lang='lat' dir='ltr'><strong>numerant</strong></span> 
     </span>
     <span class='ocr_line' id='line_1_20' title="bbox 385 2967 1375 3062; baseline -0.006 -20"><span class='ocrx_word' id='word_1_117' title='bbox 385 2968 539 3042; x_wconf 84' lang='lat' dir='ltr'><strong>Ruthcni</strong></span> <span class='ocrx_word' id='word_1_118' title='bbox 548 2968 803 3040; x_wconf 82' lang='lat' dir='ltr'><strong>unovolumine</strong></span> <span class='ocrx_word' id='word_1_119' title='bbox 813 2968 999 3062; x_wconf 79' lang='lat' dir='ltr'><strong>triplicem.</strong></span> <span class='ocrx_word' id='word_1_120' title='bbox 1011 2968 1117 3038; x_wconf 91' lang='lat' dir='ltr'><strong>Primi</strong></span> <span class='ocrx_word' id='word_1_121' title='bbox 1131 2987 1213 3038; x_wconf 88' lang='lat' dir='ltr'><strong>ecce</strong></span> <span class='ocrx_word' id='word_1_122' title='bbox 1223 2967 1375 3038; x_wconf 91' lang='lat' dir='ltr'><strong>titulum:</strong></span> 
     </span>
     <span class='ocr_line' id='line_1_21' title="bbox 383 3090 1378 3185; baseline -0.003 -20"><span class='ocrx_word' id='word_1_123' title='bbox 383 3091 488 3166; x_wconf 88' lang='lat' dir='ltr'><strong>Liber</strong></span> <span class='ocrx_word' id='word_1_124' title='bbox 505 3094 709 3163; x_wconf 89' lang='lat' dir='ltr'><strong>Sanctorum</strong></span> <span class='ocrx_word' id='word_1_125' title='bbox 728 3101 764 3162; x_wconf 86' lang='lat' dir='ltr'><strong>et</strong></span> <span class='ocrx_word' id='word_1_126' title='bbox 789 3112 809 3162; x_wconf 88' lang='lat' dir='ltr'><strong>a</strong></span> <span class='ocrx_word' id='word_1_127' title='bbox 829 3092 898 3160; x_wconf 89' lang='lat' dir='ltr'><strong>Dec</strong></span> <span class='ocrx_word' id='word_1_128' title='bbox 916 3090 1162 3185; x_wconf 90' lang='lat' dir='ltr'><strong>inspiratorum</strong></span> <span class='ocrx_word' id='word_1_129' title='bbox 1189 3091 1378 3162; x_wconf 87' lang='lat' dir='ltr'><strong>Doctorum</strong></span> 
     </span>
     <span class='ocr_line' id='line_1_22' title="bbox 383 3213 1379 3305; baseline -0.006 -16"><span class='ocrx_word' id='word_1_130' title='bbox 383 3226 599 3300; x_wconf 89' lang='lat' dir='ltr'><strong>nostrorum,</strong></span> <span class='ocrx_word' id='word_1_131' title='bbox 619 3225 658 3285; x_wconf 90' lang='lat' dir='ltr'><strong>et</strong></span> <span class='ocrx_word' id='word_1_132' title='bbox 668 3215 848 3286; x_wconf 90' lang='lat' dir='ltr'><strong>Pastorum</strong></span> <span class='ocrx_word' id='word_1_133' title='bbox 866 3213 1130 3299; x_wconf 86' lang='lat' dir='ltr'><strong>universalium,</strong></span> <span class='ocrx_word' id='word_1_134' title='bbox 1146 3213 1265 3305; x_wconf 91' lang='lat' dir='ltr'><strong>inquo</strong></span> <span class='ocrx_word' id='word_1_135' title='bbox 1282 3233 1379 3283; x_wconf 90' lang='lat' dir='ltr'><strong>com-</strong></span> 
     </span>
     <span class='ocr_line' id='line_1_23' title="bbox 385 3334 1378 3430; baseline -0.005 -18"><span class='ocrx_word' id='word_1_136' title='bbox 385 3337 542 3413; x_wconf 86' lang='lat' dir='ltr'><strong>mendati</strong></span> <span class='ocrx_word' id='word_1_137' title='bbox 567 3337 628 3409; x_wconf 88' lang='lat' dir='ltr'><strong>SS.</strong></span> <span class='ocrx_word' id='word_1_138' title='bbox 651 3337 817 3409; x_wconf 88' lang='lat' dir='ltr'><strong>Doctores</strong></span> <span class='ocrx_word' id='word_1_139' title='bbox 847 3334 1235 3430; x_wconf 84' lang='lat' dir='ltr'><strong>catalogoordinantur.</strong></span> <span class='ocrx_word' id='word_1_140' title='bbox 1262 3335 1301 3406; x_wconf 91' lang='lat' dir='ltr'><strong>ln</strong></span> <span class='ocrx_word' id='word_1_141' title='bbox 1322 3356 1378 3407; x_wconf 87' lang='lat' dir='ltr'><strong>se·</strong></span> 
     </span>
     <span class='ocr_line' id='line_1_24' title="bbox 384 3455 1379 3553; baseline -0.005 -21"><span class='ocrx_word' id='word_1_142' title='bbox 384 3459 499 3532; x_wconf 91' lang='lat' dir='ltr'><strong>cundo</strong></span> <span class='ocrx_word' id='word_1_143' title='bbox 525 3467 690 3532; x_wconf 92' lang='lat' dir='ltr'><strong>notantur</strong></span> <span class='ocrx_word' id='word_1_144' title='bbox 712 3458 882 3530; x_wconf 85' lang='lat' dir='ltr'><strong>Auctoros</strong></span> <span class='ocrx_word' id='word_1_145' title='bbox 902 3457 1108 3553; x_wconf 81' lang='lat' dir='ltr'><strong>apocryphi,</strong></span> <span class='ocrx_word' id='word_1_146' title='bbox 1132 3477 1281 3550; x_wconf 91' lang='lat' dir='ltr'><strong>quorum</strong></span> <span class='ocrx_word' id='word_1_147' title='bbox 1298 3455 1379 3528; x_wconf 90' lang='lat' dir='ltr'><strong>licet</strong></span> 
     </span>
     <span class='ocr_line' id='line_1_25' title="bbox 384 3579 1380 3676; baseline -0.003 -23"><span class='ocrx_word' id='word_1_148' title='bbox 384 3602 455 3654; x_wconf 88' lang='lat' dir='ltr'><strong>nou</strong></span> <span class='ocrx_word' id='word_1_149' title='bbox 485 3582 672 3676; x_wconf 88' lang='lat' dir='ltr'><strong>prohibita,</strong></span> <span class='ocrx_word' id='word_1_150' title='bbox 692 3582 837 3654; x_wconf 87' lang='lat' dir='ltr'><strong>vitanda</strong></span> <span class='ocrx_word' id='word_1_151' title='bbox 852 3594 969 3654; x_wconf 84' lang='lat' dir='ltr'><strong>tamen</strong></span> <span class='ocrx_word' id='word_1_152' title='bbox 986 3581 1175 3654; x_wconf 87' lang='lat' dir='ltr'><strong>consulitur</strong></span> <span class='ocrx_word' id='word_1_153' title='bbox 1200 3580 1314 3652; x_wconf 88' lang='lat' dir='ltr'><strong>lectio.</strong></span> <span class='ocrx_word' id='word_1_154' title='bbox 1340 3579 1380 3650; x_wconf 93' lang='lat' dir='ltr'><strong>ln</strong></span> 
     </span>
     <span class='ocr_line' id='line_1_26' title="bbox 385 3704 1380 3800; baseline 0.001 -25"><span class='ocrx_word' id='word_1_155' title='bbox 385 3705 503 3791; x_wconf 85' lang='lat' dir='ltr'><strong>tertio,</strong></span> <span class='ocrx_word' id='word_1_156' title='bbox 525 3705 710 3780; x_wconf 80' lang='lat' dir='ltr'><strong>haereticos</strong></span> <span class='ocrx_word' id='word_1_157' title='bbox 723 3705 924 3800; x_wconf 58' lang='lat' dir='ltr'><strong>’scriptores</strong></span> <span class='ocrx_word' id='word_1_158' title='bbox 946 3704 1148 3776; x_wconf 91' lang='lat' dir='ltr'><strong>nominatim</strong></span> <span class='ocrx_word' id='word_1_159' title='bbox 1166 3705 1380 3799; x_wconf 89' lang='lat' dir='ltr'><strong>proscriptos</strong></span> 
     </span>
     <span class='ocr_line' id='line_1_27' title="bbox 387 3825 1379 3920; baseline 0 -20"><span class='ocrx_word' id='word_1_160' title='bbox 387 3828 483 3900; x_wconf 89' lang='lat' dir='ltr'><strong>zelus</strong></span> <span class='ocrx_word' id='word_1_161' title='bbox 505 3837 776 3914; x_wconf 87' lang='lat' dir='ltr'><strong>commemorat;</strong></span> <span class='ocrx_word' id='word_1_162' title='bbox 810 3841 958 3920; x_wconf 89' lang='lat' dir='ltr'><strong>quorum</strong></span> <span class='ocrx_word' id='word_1_163' title='bbox 986 3825 1187 3915; x_wconf 89' lang='lat' dir='ltr'><strong>lectionem,</strong></span> <span class='ocrx_word' id='word_1_164' title='bbox 1214 3828 1302 3900; x_wconf 85' lang='lat' dir='ltr'><strong>sicut</strong></span> <span class='ocrx_word' id='word_1_165' title='bbox 1333 3827 1379 3900; x_wconf 90' lang='lat' dir='ltr'><strong>de</strong></span> 
     </span>
     <span class='ocr_line' id='line_1_28' title="bbox 385 3929 1378 4044; baseline -0.001 -22"><span class='ocrx_word' id='word_1_166' title='bbox 385 3947 573 4040; x_wconf 84' lang='lat' dir='ltr'><strong>astrologia</strong></span> <span class='ocrx_word' id='word_1_167' title='bbox 583 3949 769 4042; x_wconf 90' lang='lat' dir='ltr'><strong>judiciaria</strong></span> <span class='ocrx_word' id='word_1_168' title='bbox 785 3948 1024 4037; x_wconf 88' lang='lat' dir='ltr'><strong>tractantium,</strong></span> <span class='ocrx_word' id='word_1_169' title='bbox 1044 3929 1378 4044; x_wconf 80' lang='lat' dir='ltr'><strong>llcclasiasubpac-</strong></span> 
     </span>
     <span class='ocr_line' id='line_1_29' title="bbox 387 4072 656 4168; baseline -0.004 -21"><span class='ocrx_word' id='word_1_170' title='bbox 387 4082 467 4147; x_wconf 87' lang='lat' dir='ltr'><strong>cato</strong></span> <span class='ocrx_word' id='word_1_171' title='bbox 483 4072 656 4168; x_wconf 85' lang='lat' dir='ltr'><strong>prohibet.</strong></span> 
     </span>
    </p>
   </div>
   <div class='ocr_carea' id='block_1_3' title="bbox 0 0 1584 5132">
    <p class='ocr_par' dir='ltr' id='par_1_4' title="bbox 0 0 1584 5132">
     <span class='ocr_line' id='line_1_30' title="bbox 0 0 1584 5132; baseline 0 0"><span class='ocrx_word' id='word_1_172' title='bbox 0 0 1584 5132; x_wconf 95' lang='lat' dir='ltr'><strong> </strong></span> 
     </span>
    </p>
   </div>
  </div>
 </body>
</html>
