3124 5126
834 639 997 700 .-92-

363 823 365 828 ·
470 785 663 880 iudicaria
683 807 754 876 Deo
773 804 933 876 homines
951 804 985 874 in
1004 805 1220 898 particulari,
1236 806 1353 876 statim
1371 807 1421 876 ab

421 931 532 1008 obitu.
547 930 697 1002 Rutheni
712 926 881 1012 credunt;
898 925 1117 1000 definitivam
1135 939 1252 1000 tamen
1272 939 1416 1001 senten·

421 1055 504 1124 tiam
532 1055 685 1124 latentur
718 1049 822 1148 quoad
855 1047 1016 1131 meritum,
1049 1060 1178 1143 negant
1197 1072 1282 1122 vero
1311 1054 1422 1147 quoad

419 1173 620 1247 caercitinm.
646 1173 858 1258 iudicatum,
887 1172 997 1256 aiunt,
1023 1173 1157 1264 justum
1192 1171 1419 1244 beatitudine

419 1298 588 1390 dignnm;
609 1299 678 1368 imo
691 1296 789 1367 beari
803 1295 848 1366 da
865 1296 956 1367 facto
974 1295 1094 1368 dicunt
1108 1298 1251 1389 spiritus
1270 1299 1421 1370 mundos

419 1420 465 1491 ad
478 1420 640 1491 omnibus
658 1430 879 1513 peccatorum
893 1417 1066 1489 sordibus.
1080 1421 1286 1491 Peccatores
1299 1433 1419 1492 autem

413 1542 568 1634 judicari
584 1543 735 1612 latentur
752 1554 789 1612 et
801 1541 944 1613 decerni
958 1543 1119 1632 gehenna
1134 1541 1274 1634 dignos,
1293 1543 1364 1614 imo
1377 1545 1415 1614 in

419 1670 617 1760 gehennam
633 1667 721 1736 mitti
738 1693 746 1750 ;
777 1668 865 1737 nulli
882 1677 998 1738 antem
1017 1665 1307 1740 irremissibiliter
1325 1669 1422 1739 hanc

420 1800 624 1877 aeternama
640 1791 712 1859 Dan
728 1787 826 1860 dari:
847 1789 894 1860 ita
908 1799 956 1873 ut,
968 1785 1045 1860 sive
1061 1789 1177 1860 libera
1192 1789 1295 1882 hujus
1312 1791 1419 1862 mise·

419 1916 586 1998 ricerdis,
605 1913 681 1984 sive
695 1925 788 1982 muta
805 1913 934 1985 eadem
964 1913 1030 2003 piis
1057 1913 1224 1986 Ecclesiae
1253 1913 1419 2008 precibus

420 2037 716 2128 superstitumque
732 2033 919 2127 suffragiis,
931 2055 1020 2126 quos
1029 2034 1104 2104 vult
1116 2035 1160 2104 ab
1173 2034 1312 2106 inferno
1327 2035 1417 2106 libe-

419 2171 486 2245 ret,
507 2160 720 2253 exspectatis
751 2157 795 2228 ad
817 2159 976 2228 ultimum
989 2157 1174 2247 judicium,
1191 2169 1327 2232 aeterno
1355 2161 1412 2230 fn·

416 2290 495 2351 turo
508 2280 583 2351 sinc
600 2279 759 2350 remedio
773 2279 849 2370 igni
865 2277 1103 2350 destinandis:
1121 2279 1205 2371 quia
1219 2281 1328 2350 Deum
1346 2301 1416 2352 nnn

417 2401 551 2486 mittere,
565 2401 621 2472 sed
642 2413 830 2496 potestatem
856 2398 1020 2470 habereut
1037 2399 1147 2470 mittat
1166 2399 1201 2470 t'n
1226 2399 1414 2496 gehennam,

413 2537 587 2620 postquam
603 2521 765 2606 occiderit,
785 2525 906 2614 legunt
923 2523 959 2592 in
975 2523 1179 2616 Evangelio,
1198 2544 1277 2595 cum
1292 2524 1415 2596 Graeco

417 2646 690 2741 Theophylacto.
718 2645 808 2714 Hinc
825 2665 925 2716 error
949 2644 1151 2716 Graecorum
1180 2668 1221 2716 ac
1234 2645 1413 2718 Rutheno·

418 2791 623 2863 remquam
639 2767 860 2860 Latinipauci
873 2751 965 2837 b'ene
977 2768 1226 2860 inquisierunt,
1244 2769 1413 2840 Luthera·

417 2893 523 2987 nique
535 2914 653 2964 secum
667 2893 745 2961 lere
759 2913 866 2961 unum
884 2893 975 2961 male
992 2904 1182 2986 putarunt:
1203 2895 1316 2986 rejicit
1334 2919 1414 2988 pur·

418 3014 544 3106 gatorii
571 3033 700 3083 nomen
717 3022 915 3104 statumque
941 3013 1137 3084 animarum
1164 3015 1334 3100 medium,
1353 3017 1413 3108 qui

419 3133 655 3205 determinate
677 3131 848 3226 quosdam
867 3146 1072 3227 aperpetuo
1094 3135 1267 3207 damnatis
1291 3159 1411 3208 secer-

419 3267 504 3327 nat:
523 3278 646 3328 omnes
666 3257 762 3328 enim
783 3257 988 3352 (baptizatos
1004 3259 1138 3354 saltem)
1153 3259 1296 3332 liberari
1313 3281 1414 3354 posse

418 3394 454 3453 et
494 3381 624 3452 salvari
660 3381 704 3451 ab
740 3380 901 3468 inferno,
943 3383 1176 3457 catechismus
1211 3377 1413 3458 Graecorum

419 3506 584 3576 insinuat.

471 3629 506 3697 ln
537 3629 746 3699 hocerrore
777 3629 981 3702 sustinendo
1015 3643 1167 3716 tenaces,
1193 3653 1272 3702 cnm
1303 3633 1414 3704 ratio-

419 3751 522 3823 nibus
550 3752 758 3845 dogmaticis
778 3753 845 3824 sibi
871 3753 1018 3846 objectis
1048 3755 1136 3828 fiunt
1163 3755 1336 3843 imbelles,
1367 3756 1413 3828 ad

355 3907 361 3918 ·
418 3875 502 3948 fidei
531 3875 732 3968 divinaeque
750 3877 982 3970 providentiae
1006 3876 1333 3952 inscrutabilitatem
1356 3901 1412 3952 re-

417 3998 1410 4098 curruntNovissimequeruthennsscriptor,Stephanus
