3148 5132
341 1165 497 1233 Bautis
518 1164 772 1233 natantum
795 1164 1028 1232 Htouolttcn

534 1406 851 1474 incurreremus

208 1636 601 1816 uncinum
641 1531 1177 1784 uoocouulcur

247 2337 448 2412 Duodennis
472 2339 543 2432 jam
565 2359 645 2433 quae
666 2359 722 2408 me
743 2351 886 2411 exercet
909 2341 1024 2414 ubivis
1058 2345 1190 2422 incerta

196 2462 309 2551 sedes,
326 2477 392 2536 nec
409 2464 564 2557 quietem
587 2462 702 2534 adhuc
715 2473 846 2556 sperat,
867 2465 929 2538 sed
947 2489 1011 2540 nec
1027 2469 1097 2542 otio
1114 2481 1190 2544 tor-

194 2589 304 2686 pescit
320 2588 518 2682 indulgens.
544 2588 704 2659 Triennis
728 2588 870 2660 interim
893 2589 1064 2664 incolatus
1095 2594 1190 2688 apud

196 2711 405 2786 Moscovitas
436 2711 648 2797 diuturnior,
676 2711 921 2784 socialissimos
951 2733 1071 2784 corum
1103 2713 1189 2788 mihi

197 2833 368 2906 concamit
383 2856 450 2904 non
472 2856 613 2928 paucos,
633 2833 693 2904 nbi
706 2813 972 2906 humanissimos
987 2834 1072 2906 mihi
1089 2857 1192 2910 ena-

194 2956 382 3027 tionalibus
398 2957 525 3049 injuste
539 2957 601 3028 vix
615 2977 685 3026 non
699 2955 852 3028 dicerem
870 2967 1025 3032 cunctos.
1044 2959 1191 3052 lnsupe-

193 3077 340 3152 rabilem
355 3079 436 3150 hinc
449 3081 484 3150 in
507 3091 645 3172 gentem
660 3081 753 3150 illam
768 3079 987 3150 dilectionem
1003 3089 1187 3175 protestor,

197 3199 457 3294 potentissimas
468 3201 535 3273 etsi
547 3209 679 3296 repetat
696 3200 788 3271 vires
796 3209 998 3271 exterorum
1012 3222 1082 3274 non
1092 3201 1191 3272 inex·

195 3336 296 3421 perta
321 3324 505 3408 calliditas,
530 3344 651 3394 eorum
668 3324 741 3416 qui,
760 3323 1025 3395 insanabiliorcs
1043 3325 1191 3397 abortus

197 3447 234 3520 in
249 3445 320 3518 lide
329 3468 445 3539 graeca
458 3446 657 3539 quaesituri,
668 3443 969 3516 obstetricaturam
986 3444 1190 3518 conduxere

194 3569 362 3665 politiam.
382 3571 501 3641 Socius
531 3589 612 3640 ecce
640 3568 817 3659 religionis
845 3567 921 3638 zelo
953 3567 1033 3662 (quo
1054 3567 1191 3641 hucus-

194 3710 278 3784 que,
290 3700 457 3784 quantum
473 3693 525 3762 ias
536 3692 612 3777 luit,
625 3701 754 3762 tutatus
767 3712 843 3761 sum
854 3689 1041 3783 dogmata),
1057 3689 1189 3762 verita·

196 3813 242 3885 tis
259 3832 369 3899 amor,
381 3816 631 3910 qu0,0culatus
645 3835 762 3885 rerum
780 3813 915 3885 Russiae
925 3813 1037 3900 testie,
1053 3813 1190 3885 sincere

197 3948 281 4036 opto
295 3938 520 4012 multifariam
548 3937 691 4010 abolere
708 3935 944 4094 detractorum
962 3935 1185 4011 calumniam.
