3172 5130
772 492 959 558 ..192-

373 653 516 722 Eudoxio
526 657 673 741 Lopuchin
689 657 764 721 tude
788 669 956 742 corruptum
970 658 1059 724 estin
1076 656 1250 724 emturum
1270 657 1368 724 Fode-

373 759 477 818 recita
498 752 640 836 huprecht,
655 752 726 817 alihi
749 772 832 832 vero,
851 771 956 838 nempe
973 749 1002 816 in
1026 753 1140 818 Tabula
1152 753 1367 840 chonologica

374 851 417 934 (p.
436 847 522 932 ate),
539 847 568 910 in
579 846 750 928 0ttplresam
765 846 928 932 Lupnohin.

415 942 492 1006 lbid.
504 942 557 1005 lin.
571 941 626 1004 ult.
643 940 689 1004 Ex
702 941 931 1006 hlhendinorum
945 954 1033 1028 gente
1044 943 1123 1027 apud
1137 941 1265 1009 linones
1274 943 1367 1008 nohili

373 1049 404 1104 et
428 1047 547 1104 vetusta
570 1047 744 1118 prognatam
772 1037 863 1100 161666
890 1037 1074 1101 catharinam
1104 1037 1302 1101 tradiderunt¹
1317 1039 1368 1102 alii

372 1150 490 1218 qnoque
503 1131 669 1212 scriptores,
685 1142 773 1194 atate
783 1132 901 1216 quidem
912 1143 1012 1196 nostro
1023 1132 1146 1216 priores,
1160 1132 1243 1197 verbi
1256 1135 1364 1217 gratia,

371 1227 510 1293 Hnehner
524 1226 553 1287 in
565 1223 683 1288 Tabulis
694 1225 921 1310 Chreaolopicia,
937 1225 1180 1311 quemadmodum
1195 1227 1226 1290 id
1240 1239 1368 1292 testatur

371 1321 492 1400 Weber,
507 1329 657 1383 -auctor
671 1320 768 1403 operis
782 1321 827 1384 oui
841 1320 1027 1384 inscribitur:
1042 1319 1147 1384 Russia
1160 1323 1367 1387 transformata

371 1416 448 1500 (Dos
466 1413 642 1480 Veroeaderte
655 1411 811 1489 donchad,
828 1414 997 1494 6611111).
1020 1413 1140 1479 Rectius
1152 1427 1249 1479 tamen
1262 1416 1367 1480 hllen-

370 1515 512 1578 doliorum
538 1511 651 1574 nomino
678 1511 752 1573 hauc
771 1511 908 1574 familiam
933 1523 1042 1576 vocant
1064 1530 1162 1576 comes
1183 1511 1310 1577 Rabutin
1335 1526 1367 1579 et

370 1620 440 1693 post
460 1627 526 1670 eum
546 1604 580 1671 P.
598 1603 735 1681 uenias,
762 1626 779 1668 e
803 1617 905 1668 nostra
933 1605 1093 1688 societate,
1114 1607 1165 1691 qui
1189 1608 1365 1672 66661661

370 1704 491 1768 Gracia
509 1702 643 1784 vulgavit
653 1701 773 1766 hrevem
788 1699 934 1767 Notitiam
948 1703 1066 1780 imperii
1076 1701 1272 1778 116666611ἰοί,
1285 1703 1368 1770 Patri

369 1797 419 1862 Fr.
448 1796 575 1864 Xaverio
600 1795 750 1879 Kislinger
775 1816 793 1859 a
818 1797 991 1880 quibusdam
1023 1818 1176 1883 perperam
1213 1800 1365 1866 tributam.

370 1890 506 1956 Auliou.
518 1890 641 1954 Andrias
653 1890 850 1968 Cathariuam,
870 1911 935 1954 oum
960 1891 1156 1956 Tissenhausii
1179 1893 1208 1956 in
1231 1901 1368 1960 exercitu

371 1983 493 2050 Russico
518 1985 627 2049 trihuui
654 1984 751 2047 locum
774 1985 902 2048 tenentis
923 1986 1011 2050 vidua
1037 1987 1151 2064 luisset,
1176 1987 1214 2050 oh
1239 1989 1370 2072 insignes

372 2083 461 2147 dotes
477 2105 495 2146 a
517 2083 606 2146 Petro
620 2080 675 2144 lin
689 2101 810 2144 uxorem
832 2102 897 2144 esse
919 2095 1096 2167 assumptam
1109 2084 1153 2168 (p.
1170 2084 1258 2169 161).
1274 2087 1371 2152 Aliter

372 2178 490 2241 omnino
505 2177 635 2240 sentiunt
646 2177 838 2250 recentiores,
855 2178 917 2240 lere
935 2196 990 2261 pro
1010 2189 1092 2242 certo
1106 2179 1248 2242 hahentes
1262 2183 1371 2264 genui-

370 2292 437 2335 nam
461 2272 623 2336 Catharina
650 2272 788 2335 familiam
814 2292 877 2335 esse
902 2271 1176 2352 Slravronskiauam,
1200 2297 1259 2360 qua
1280 2278 1318 2341 de
1336 2299 1370 2343 re

370 2368 456 2452 plura
466 2367 595 2450 reperies
610 2368 640 2430 in
654 2365 788 2430 Historia
804 2366 888 2431 Petri
898 2365 928 2444 1,
942 2389 1028 2452 quam
1040 2389 1149 2434 summo
1161 2372 1258 2436 studio
1276 2373 1367 2437 ador-

369 2463 452 2526 navit
476 2461 571 2526 Nicol.
590 2461 750 2535 Ustrialov,
774 2463 956 2527 documentis
981 2459 1158 2528 authenticis
1180 2468 1365 2551 potissimum

371 2557 489 2620 innixus
500 2559 532 2635 (t.
550 2554 603 2630 lv,
620 2567 698 2640 part.
717 2558 747 2631 l,
761 2575 826 2641 cap.
839 2555 891 2639 V).

414 2649 627 2732 Pag.107,ult.
639 2649 690 2712 lin.
700 2647 1008 2717 UltimaNorrotionia
1020 2651 1106 2734 hujus
1116 2653 1208 2717 verba
1216 2657 1365 2722 omisimus

374 2746 518 2820 consulto,
536 2743 574 2806 ob
588 2744 728 2806 rationem
753 2744 824 2808 alibi
835 2745 952 2808 dictem.
971 2745 1045 2810 Sunt
1058 2749 1368 2837 autemhac:«lltque

373 2839 445 2903 nihil
460 2837 497 2901 ad
510 2847 616 2903 vestra
629 2836 767 2900 Ecclesia
779 2849 808 2901 et
830 2839 941 2922 imperii
965 2853 1164 2906 ornamentum
1184 2865 1229 2908 me
1242 2845 1368 2911 videatis

375 2935 521 3008 omittere,
537 2941 705 2994 cunctorum
717 2932 809 2994 oculis
825 2935 1076 2998 communicandas
1092 2936 1222 3021 adjungo
1237 2958 1369 3024 sequen-

375 3026 557 3093 tesl'ebulas
567 3025 801 3109 sacro-politicas
817 3037 923 3092 vestra
937 3029 1143 3112 chronologia.
1168 3057 1181 3090 6
1198 3068 1240 3078 -
1254 3031 1369 3110 Quam-

376 3122 421 3186 vis
439 3131 535 3184 autem
557 3117 678 3182 Tabula
692 3121 755 3184 ista
771 3120 855 3184 nimis
867 3121 1011 3186 obsoleta
1029 3123 1099 3201 sint,
1118 3125 1250 3209 quadam
1269 3137 1369 3192 tamen

375 3237 414 3281 ex
437 3217 480 3280 eis
502 3216 530 3277 in
553 3225 713 3298 praesentes
729 3214 926 3282 derivavimus
937 3216 1141 3282 adnotationes
1156 3268 1164 3296 ‚
1181 3219 1300 3285 lectoris
1314 3242 1368 3286 cu·
1397 3265 1400 3269 -

376 3332 445 3377 rrosr
461 3329 559 3374 causa.

418 3405 464 3469 hd
483 3425 553 3489 pag.
572 3405 641 3484 119,
658 3402 710 3467 lin.
729 3403 758 3468 6.
778 3403 892 3469 Pluries
910 3425 942 3471 se
963 3407 1093 3470 adfuisse
1112 3408 1191 3472 ludis
1214 3409 1369 3476 litterariis

377 3515 466 3588 atque
485 3501 602 3584 publice
626 3510 856 3582 argumentasse‚
872 3501 963 3565 tradit
979 3501 1087 3566 Ribora
1108 3504 1195 3566 etiam
1218 3503 1299 3567 alibi.
1321 3507 1372 3570 Sic

377 3600 406 3662 in
432 3595 512 3663 Echo
529 3595 608 3680 fidoi,
625 3603 731 3678 quaest.
750 3593 838 3670 XLV,
864 3615 934 3679 pag.
953 3595 1024 3672 281,
1041 3607 1141 3661 narrat
1164 3617 1196 3662 se
1217 3597 1373 3664 invitatum

377 3693 467 3756 fuisse
483 3688 522 3752 ad
540 3688 698 3752 solemnem
723 3687 960 3771 disputationem,
977 3689 1006 3752 in
1026 3687 1185 3773 Gymnasio
1211 3689 1370 3774 theologia

377 3784 545 3869 llosquensi
559 3802 657 3847 mense
679 3781 787 3846 ldartio
808 3782 875 3845 anni
898 3782 978 3846 1729
1001 3782 1141 3860 habitam,
1158 3785 1187 3848 in
1205 3804 1300 3869 eaque
1315 3788 1372 3849 im-

377 3899 523 3970 pugnasse
537 3878 642 3943 thesim
662 3877 738 3942 inter
752 3876 866 3941 ohlatas
877 3877 932 3941 sihi
947 3878 1048 3944 ordine
1063 3891 1176 3944 sextam
1195 3907 1211 3937 «
1228 3892 1370 3966 tanquam
