3124 5126
776 566 942 629 ..50-

360 730 485 817 dorsa,
519 729 700 816 manibus,
739 731 903 826 pedibus,
938 729 1044 812 tibiis,
1080 731 1231 826 genibus
1266 733 1361 827 (cum

361 865 477 926 tamen
497 863 547 924 tot
568 852 751 925 unctiones
774 875 844 926 non
859 854 1013 927 adducat
1029 855 1063 924 in
1082 877 1145 926 suc
1162 852 1363 952 Eaclolaqio

360 975 539 1069 Gaariusl:
562 997 626 1047 nec
650 987 747 1047 certo
773 976 901 1062 dicam,
930 976 975 1047 ab
1002 977 1167 1048 omnibus
1194 979 1280 1070 ungi
1307 990 1358 1049 tot

359 1112 488 1194 partes.
517 1101 659 1179 Sacrum
685 1101 800 1172 oleum
829 1122 899 1172 non
924 1101 1118 1195 applicatur
1143 1123 1221 1172 cum
1248 1101 1359 1192 digito

360 1221 500 1312 pollice,
517 1223 641 1292 sicula
667 1223 811 1309 Latinis,
832 1222 896 1294 sed
920 1234 1087 1315 argentea
1101 1222 1252 1316 virgula,
1270 1222 1357 1293 abs-

357 1342 576 1437 tergiturque
598 1344 793 1416 cremandis
818 1345 961 1439 gossipii
991 1346 1091 1417 villis.
1122 1345 1254 1416 Finitur
1273 1366 1358 1437 pre-

360 1463 459 1536 cibus
485 1477 520 1538 et
548 1466 627 1537 lotis
653 1467 689 1537 in
715 1489 805 1561 aqua
833 1449 1027 1562 baptisterii
1051 1467 1248 1564 presbyteri
1277 1491 1358 1542 ma-

359 1587 477 1658 nibus

747 2173 885 2268 caeca
910 2199 972 2266 xi.

750 2499 974 2574 crotoniatis.

337 2852 340 2867 ι
412 2811 642 2882 Sacerrimam
675 2811 929 2882 Eucharistiam
962 2810 1144 2904 perficiunt
1174 2811 1353 2903 Rutheni,

363 2934 496 3006 credito
510 2945 546 3005 et
560 2943 699 3028 peracto
716 2953 801 3004 vero
818 2913 936 3005 Missa
952 2931 1136 3018 sacrificio,
1157 2935 1192 3002 in
1209 2954 1353 3028 separa-

363 3058 423 3128 tim
449 3059 659 3130 consecratis
680 3067 715 3130 et
734 3055 1095 3128 transsubstantiatione
1113 3077 1178 3128 nec
1196 3055 1356 3128 dubitata·

362 3182 555 3276 specierum
589 3181 686 3275 panis
720 3180 938 3272 (fermentat-i)
970 3189 1006 3250 et
1036 3179 1124 3262 vini,
1157 3179 1193 3248 in
1229 3199 1356 3250 verum

362 3288 698 3398 permansurumqae
715 3302 840 3373 Christi
866 3323 992 3395 corpus
1017 3313 1052 3372 et
1077 3303 1297 3394 sanguinem,
1317 3303 1356 3373 vi

362 3427 551 3498 verborum
571 3447 590 3496 a
609 3445 695 3496 vero
720 3423 928 3519 presbytero
953 3423 1270 3521 proferendorum„
1286 3424 1356 3494 rita

360 3571 490 3643 graeca,
511 3549 619 3620 nihilo
638 3547 803 3620 taxando.
824 3547 968 3620 Materia
985 3569 1069 3640 ergo
1088 3559 1140 3619 est·
1157 3531 1258 3642 panis
1285 3547 1354 3619 tri-

361 3671 471 3742 ticeus
507 3682 542 3740 et
578 3670 711 3741 vinum.
745 3669 870 3738 Forma
900 3690 921 3740 a
951 3666 1108 3762 pluribus
1134 3667 1290 3740 creditur
1316 3668 1355 3738 ia

362 3792 610 3886 deprecatoriis
627 3792 746 3863 verbis
759 3790 912 3884 liturgiae
928 3793 1116 3862 consistere
1133 3817 1141 3875 ;
1163 3799 1199 3862 et
1216 3791 1263 3860 ita
1280 3786 1354 3861 vidi

362 3913 514 3987 Moscuae
532 3915 567 3984 in
585 3914 703 3986 schola
725 3909 870 4008 proponi
893 3933 957 4007 pro
983 3911 1188 3985 sustinenda
1213 3911 1354 3984 theolo-
