3124 5126
607 613 785 674 -lhss-

227 855 230 862 ,
260 789 344 860 Bina
360 801 475 862 autem
491 791 568 862 haee
587 790 655 860 alia
673 773 787 882 (menn
809 812 829 861 e
845 791 919 860 sinu
932 790 1129 883 extrahens)
1160 792 1196 861 in

209 913 417 1006 oppositum,
439 934 537 982 saera
567 934 614 983 ex
631 897 787 996 materia,
814 915 895 1004 quie
926 895 1131 1005 theologica,
1148 935 1195 986 ex

209 1037 452 1130 supersculpta
481 1037 580 1106 icone
615 1020 767 1128 prolana,
795 1037 1011 1121 detestande,
1049 1037 1196 1108 seanda-

208 1158 293 1240 losa‚
312 1159 397 1226 mihi
415 1158 539 1230 nudius
552 1175 694 1252 quartus
706 1159 770 1227 hoo
784 1159 1051 1242 locotradita‚in
1070 1159 1193 1242 eodem

207 1281 309 1353 vobis
327 1282 469 1350 restituo
484 1308 492 1364 ;
508 1302 552 1352 ne
565 1283 644 1351 bino
658 1281 692 1349 in
706 1251 903 1373 Hispaniam
922 1283 951 1351 si
970 1282 1083 1352 redux
1100 1282 1193 1368 fiam,

207 1407 436 1490 clandestinat
454 1407 618 1498 irrogatae
649 1405 731 1474 mihi
750 1416 784 1476 et
811 1407 1078 1475 totilatinorum
1107 1407 1195 1478 lide-

211 1527 293 1598 lium
329 1529 548 1610 orthodoxiae
573 1530 684 1621 turpis
716 1529 900 1600 calumniae
930 1530 1221 1622 chirographum⁴

206 1655 345 1726 deferre
364 1675 497 1722 meeum
514 1653 663 1733 valeam,
682 1653 740 1744 qui
757 1653 922 1722 acuuntis
935 1652 1065 1723 honore
1078 1653 1189 1724 elleo-

207 1790 294 1860 tum,
318 1777 540 1871 praelatisque
574 1775 733 1844 ruthenis
763 1776 1039 1866 obligatissimun
1067 1777 1195 1868 ubique

207 1921 263 1971 me
296 1899 422 1969 diuam.
462 1885 696 1970 clandestinae
722 1896 795 1966 dixi
829 1925 835 1965 :
870 1910 1071 1990 praeventus
1093 1899 1193 1968 enim

209 2023 453 2114 manuscriptis
488 2020 653 2102 thesibus,
688 2019 774 2092 nihil
811 2020 844 2090 in
870 2020 1094 2108 obsignandis
1128 2043 1196 2114 pn-

208 2141 299 2215 hlice
342 2165 388 2242 ex
421 2143 569 2235 abrupto
603 2142 657 2211 blo
692 2142 774 2210 mihi
805 2142 1022 2234 disputatum
1061 2145 1197 2216 traditis

206 2267 408 2358 perquisivi,
430 2275 557 2357 praeter
586 2263 710 2333 ordine
729 2275 864 2334 sextam
897 2265 940 2334 de
972 2268 1193 2357 processione

207 2391 354 2484 Spiritus
377 2392 410 2460 S.
435 2411 454 2459 a
484 2391 557 2460 solo
583 2389 696 2468 Patre,
727 2408 830 2479 quam
860 2389 1064 2480 impugnare
1095 2390 1196 2462 vobis

208 2511 481 2582 insinuaveram..
506 2512 576 2580 Neo
602 2509 765 2579 vidissem
809 2509 936 2591 adhue,
968 2511 1032 2580 nisi
1058 2511 1102 2580 ab
1127 2512 1196 2582 alio

209 2633 319 2727 pridie
353 2635 519 2718 monitus
538 2633 641 2725 quod
659 2633 836 2724 aspexisse
861 2633 987 2702 horreo
1019 2635 1195 2728 pudetque

206 2758 337 2830 referre
358 2788 366 2844 ;
390 2770 509 2828 teneor
534 2769 649 2828 tamen
676 2779 737 2850 pro
751 2756 881 2828 offensa
910 2759 1192 2850 publiuasatisia-

205 2880 348 2952 (tiendus
363 2882 532 2952 refellere.
543 2881 624 2950 Zelo
635 2892 757 2962 motus,
770 2903 835 2951 neo
849 2882 898 2950 ira
914 2883 1065 2974 percitus
1079 2882 1191 2968 dicar,

202 3009 277 3078 etsi.
297 3029 450 3087 amorem
486 3007 606 3082 laesum
632 3005 771 3074 inirem
803 3006 889 3075 verti
906 3005 1103 3078 observarit
1122 3031 1192 3080 non

203 3130 310 3200 semel
346 3129 592 3222 Hieronymus

250 3251 348 3324 luter
367 3251 638 3322 execrabiliores
655 3251 820 3330 sectarios
833 3251 978 3343 (referre
1006 3273 1062 3322 me
1075 3252 1195 3345 taedet)

203 3374 392 3450 sabellium
406 3385 440 3442 et
455 3372 695 3447 Mahumedem
717 3373 849 3444 locatur
876 3377 1064 3469 episcopali
1090 3377 1194 3448 mitra

206 3509 347 3568 ornatus
361 3497 552 3589 litterisque
570 3494 959 3590 majoribusexpressus
983 3522 1072 3578 r-lrrr
1099 3497 1193 3597 quod

207 3642 311 3692 nemo
340 3619 500 3690 crederet
533 3619 670 3712 publiue
711 3620 980 3712 permittendum
1010 3621 1100 3691 inter
1133 3643 1196 3694 vos

209 3742 414 3816 detestabile
432 3741 576 3812 larinus.
602 3741 699 3812 lleud
714 3742 849 3832 ignoro,
871 3743 960 3812 inter
982 3743 1187 3836 praeceden-v

209 3867 253 3938 tis
267 3865 387 3938 saeculi
404 3857 602 3956 scriptores,
616 3864 756 3936 Graecos
774 3863 942 3956 quosdam
972 3864 1016 3934 ab
1046 3863 1199 3935 Orienta-

210 3991 301 4064 libus
322 3991 381 4084 qul
416 3987 554 4082 sapiunt
584 3989 683 4082 parvi
709 3988 859 4074 habitos,
879 4011 978 4061 ausos
999 4009 1075 4062 esse
1102 3990 1197 4062 idem
