3148 5132
731 551 772 560 -
791 531 894 580 XXXIV
915 552 955 562 -

360 714 504 784 omnibus
525 710 735 779 voluissemus
758 709 904 789 eximere,
918 707 999 773 liber
1012 705 1252 773 conscribendus
1266 707 1350 774 esset

360 839 425 906 lere
438 855 547 905 nouus.
563 835 622 901 Est
634 833 719 902 enim
732 832 856 898 Riberae
871 850 972 898 sermo
987 829 1108 896 latinus
1122 830 1198 896 adeo
1211 830 1351 898 incultus
1403 857 1409 860 ·

361 957 523 1041 omnisque
536 951 736 1040 elegantioris
749 949 894 1018 dictionis
910 967 1025 1035 expers,
1038 950 1077 1014 ut
1092 949 1232 1016 mentem
1246 948 1352 1016 subic-

361 1081 406 1147 rit
418 1078 583 1159 dubitatio,
598 1096 638 1143 an
651 1075 774 1142 utiliter
788 1074 822 1139 in
845 1092 880 1139 eo
893 1072 1050 1157 vulgando
1064 1075 1178 1138 nostrae
1201 1091 1352 1158 poneren-

362 1199 416 1265 tur
431 1216 522 1278 curae,
536 1215 576 1262 an
590 1215 651 1264 non
666 1196 768 1280 potins
788 1195 949 1279 ingratam
971 1194 1101 1261 haberet
1115 1194 1214 1261 lector
1227 1213 1351 1278 operam

361 1317 509 1382 nostram.
520 1313 1076 1399 Dubitationcmsuperavitveritatis
1090 1314 1350 1391 historicaeamor,

361 1434 416 1519 qui
427 1436 459 1502 et
466 1435 624 1519 persuasit
638 1433 727 1501 nobis
738 1434 831 1500 rebus
844 1433 996 1518 lactisque
1004 1432 1165 1512 inhaerere,
1174 1431 1353 1516 posthabito

362 1556 466 1638 lepore
478 1552 613 1620 dicendi.

404 1677 517 1744 l'extui
545 1677 677 1744 selectas
703 1661 860 1761 quasdam?
878 1675 1049 1760 adjecimus
1071 1675 1265 1766 appendices,
1285 1693 1354 1758 quae

364 1799 525 1882 omnes,=si
544 1817 642 1864 unam
663 1797 807 1882 excipias
828 1799 868 1864 ab
883 1799 1018 1881 ipsomet
1038 1797 1154 1864 Ribera
1172 1796 1354 1880 conscriptae

366 1921 440 1986 sunt
453 1921 484 1986 at
495 1917 722 2004 quodammodo
737 1918 925 2003 indigitatae.
942 1917 1134 1983 Proveniunt
1144 1916 1227 1982 enim
1238 1918 1308 1982 tum
1320 1935 1355 1983 ex

365 2040 432 2124 ejus
452 2038 619 2121 Respouso
643 2037 923 2123 Antapoloyetc'co,
950 2039 1019 2103 tum
1042 2057 1077 2102 ex
1101 2037 1191 2103 Echo
1213 2037 1292 2120 ridel
1316 2037 1356 2104 ad

364 2177 460 2242 quam
474 2177 611 2243 persaepe
622 2159 1013 2239 remittunturleotores‚ut
1023 2158 1199 2224 uberiorem
1207 2157 1355 2222 hauriant

363 2279 410 2345 ibi
424 2279 570 2345 not'tiam
586 2299 691 2346 rerum
707 2299 774 2362 quae
792 2279 825 2344 in
850 2278 952 2344 Brevi
972 2279 1195 2346 Enarratioae
1216 2299 1278 2346 non
1296 2279 1357 2344 nisi

366 2401 466 2470 obiter
486 2403 698 2486 attinguntur.
720 2404 804 2469 Hinc
829 2403 911 2468 illud
939 2420 1060 2485 quoque
1079 2403 1282 2468 emolumenti
1304 2420 1358 2466 ac·

369 2524 451 2590 cedit
465 2521 605 2602 lecturio,
618 2521 700 2604 quod
715 2522 898 2604 plerumque
913 2538 974 2585 non
1002 2523 1118 2602 nostra,
1144 2521 1198 2586 sed
1213 2521 1359 2586 Auctoris

368 2644 462 2711 verba
476 2661 538 2725 prae
553 2641 651 2707 oculis
677 2641 831 2722 habeant,
856 2639 1057 2723 mentemque
1072 2641 1141 2726 ejus
1155 2641 1289 2724 penitius
1308 2640 1359 2706 in-

369 2759 677 2845 trospicerepossint.

413 2890 495 2972 Quia
506 2891 611 2954 tamen
631 2889 754 2955 omnino
775 2891 931 2960 abstinere
953 2895 1218 2961 aeommentariis
1234 2895 1361 2962 videba-

371 3011 426 3078 tur
439 3027 505 3075 esse
520 3010 616 3090 nefas,
639 3011 708 3076 ideo
733 3013 855 3077 nostras
879 3033 1011 3097 quoque,
1024 3016 1079 3080 ubi
1100 3034 1150 3080 res
1171 3015 1362 3097 postulabat,

372 3129 552 3196 addidimus
566 3131 790 3214 adnotationes
805 3135 912 3200 breues
924 3137 1030 3202 tamen
1041 3155 1077 3202 ac
1090 3154 1219 3202 numero
1231 3155 1363 3218 paucas;

373 3251 567 3336 adquorum
592 3254 710 3322 calcem
738 3257 937 3341 apposuimus
958 3257 1096 3324 indicem
1124 3258 1309 3324 historicum
1333 3261 1365 3324 et

374 3374 643 3459 topographicum.

415 3513 519 3596 Atque
528 3512 594 3577 haec
609 3511 647 3577 de
660 3511 797 3578 Auctore
810 3511 1048 3579 Ercorrcta'orrr's
1059 3531 1197 3598 nouaque
1213 3517 1280 3602 ejus
1299 3515 1367 3580 edi-

375 3632 460 3700 tione
482 3633 528 3699 ita
541 3633 678 3699 breviter
692 3633 851 3699 monuisse
863 3635 1008 3700 sufficiat.
1023 3634 1212 3719 Fragmenta
1236 3635 1366 3718 collegi-

375 3772 455 3836 mus,
467 3773 506 3820 ne
527 3756 672 3839 pereant3
688 3755 777 3838 plura
796 3755 937 3837 forsitan,
952 3755 1076 3821 siDeus
1091 3755 1173 3822 vires
1192 3757 1353 3824 conseruet
1389 3771 1392 3778 ·

378 3875 416 3945 de
429 3876 536 3946 eodem
556 3877 694 3945 Aructoro
710 3877 744 3944 in
758 3878 918 3963 posterum
930 3876 1056 3945 edituri.
