3148 5132
556 629 561 638 “
627 633 793 697 -cl-

210 799 258 872 ris
266 800 774 897 arripuit,imperantissororis
784 790 983 896 nrte2quenr
992 803 1082 875 male
1091 804 1205 876 ieron·

209 921 304 996 tibus
313 924 483 999 Ruthenis
497 935 702 1020 tyrannum,
714 923 902 1017 Gregorius
916 922 1145 1020 Eutropicitclr
1155 926 1206 1020 (tt

209 1045 416 1134 monachus,
438 1047 516 1118 solii
541 1046 745 1141 cupiditate,
765 1044 893 1118 callide
923 1047 1112 1120 meditatus
1141 1049 1206 1121 tuit

208 1157 399 1263 deponere.
443 1168 591 1262 Fugite
616 1167 827 1240 monasterio
858 1168 1009 1240 Moscuae
1039 1170 1206 1244 Tchudov

208 1287 245 1357 in
255 1289 438 1360 Potoniam
456 1289 697 1360 excucuilatus
709 1288 774 1359 iste
791 1286 991 1382 Gregorius,
1011 1301 1118 1385 utque
1144 1303 1206 1365 aut

208 1414 358 1486 Polonos
370 1414 436 1486 sibi
448 1413 682 1485 auxiliaturus
694 1413 845 1500 falleret,
861 1424 922 1484 aut
939 1413 1068 1486 certius'
1085 1425 1122 1487 ut
1139 1417 1205 1488 Po·

206 1533 1199 1631 lonorumproposituobsecundaret‚i)emetriumverum,

207 1659 286 1733 loco
303 1661 402 1751 cujus
418 1659 551 1731 occisus
572 1667 665 1730 esset
686 1657 788 1744 alius,
815 1679 854 1730 se
878 1659 1069 1741 simulavit.
1092 1661 1204 1752 Hujus
1307 1716 1309 1720 -

203 1782 467 1874 juvitconatus,
480 1780 712 1875 potiusquam
728 1781 860 1852 ferrum
876 1782 1087 1874 polonicum,
1104 1785 1203 1856 blan·

207 1904 253 1978 dn
270 1902 363 1976 fictae
386 1905 484 1978 vocis
509 1925 629 1999 sparsa
659 1902 753 1998 apud
778 1905 956 1976 Ruthenos
980 1927 1078 1992 aura,
1106 1909 1202 2002 quod
1312 2000 1314 2003 ι

205 2011 405 2098 Demetrius
423 2027 509 2098 Tzur
526 2026 703 2120 legitimus
730 2026 868 2098 viveret
885 2053 893 2096 :
917 2048 987 2120 qua
1004 2028 1111 2099 illecti
1128 2030 1202 2102 Ru·

206 2147 318 2236 thoni,
337 2149 477 2240 deserto
503 2165 665 2244 tyranno,
685 2149 903 2241 aegrimoniae
920 2171 1095 2222 venenum
1109 2173 1199 2224 con·
1300 2236 1304 2242 ³

204 2272 321 2344 iecere
338 2299 346 2358 ;
366 2293 437 2366 quo
449 2271 567 2344 toxico
583 2281 712 2342 tactum
729 2271 824 2342 hunc
837 2291 931 2342 mors
947 2293 968 2343 a
995 2273 1088 2344 curis
1116 2293 1200 2346 con-

204 2392 319 2467 flictus
331 2394 543 2466 imminentis
556 2392 717 2464 absolvit.
732 2394 800 2466 Vix
818 2394 930 2465 Borisi
952 2394 1111 2488 praedicti
1124 2398 1200 2470 sive

205 2513 312 2602 filius,
332 2518 407 2588 sive
421 2519 528 2588 frater
541 2516 745 2588 Theodorus
761 2515 946 2602 Godun0v‚
970 2517 1005 2588 in
1024 2519 1099 2610 ejus
1115 2511 1198 2593 mu-

205 2661 286 2724 nuc,
303 2639 586 2732 trimestremquc
604 2637 768 2709 thronum
783 2649 999 2710 successerat
1016 2666 1023 2710 :
1042 2661 1120 2711 cum
1135 2662 1197 2712 an-

203 2781 251 2834 no
267 2760 392 2833 eodem
410 2760 521 2848 1604,
547 2762 724 2832 Demetrio
752 2761 1197 2855 personatoiloannovitch
1230 2815 1232 2830 .

201 2885 372 2958 aloannc
386 2885 538 2957 Basilide
558 2883 692 2978 vocato)
711 2885 828 2970 cessit,
846 2884 961 2956 missis
982 2904 1005 2954 a
1021 2884 1198 2978 Demetrio

200 3011 338 3084 sicariis
361 3011 611 3104 strangulatus.
629 3009 867 3082 Ruthenorum
889 3011 1007 3104 itaque
1024 3009 1098 3101 jem
1112 3012 1199 3086 Tzur

201 3134 357 3208 creditus
372 3134 471 3205 hicce
488 3133 694 3216 Demetrius,
715 3134 854 3204 Polonis
879 3131 1113 3205 moderatoris
1127 3135 1198 3206 sti·

205 3267 320 3351 patus,
340 3275 477 3328 necnon
495 3276 610 3327 mores
628 3255 803 3328 ePolonia
820 3257 951 3350 impeto
967 3255 1126 3326 incautus
1138 3255 1200 3326 in-

202 3381 364 3466 trudens,
381 3377 608 3473 deceptorum
629 3378 674 3449 ab
696 3400 739 3450 eo
756 3374 997 3451 Ruthenorum
1011 3379 1199 3451 seminavit

202 3502 391 3589 vindicias,
411 3522 561 3601 quarum
589 3501 734 3587 fructus,
755 3502 819 3572 vix
846 3511 923 3596 post
949 3521 1090 3585 annum,
1115 3521 1197 3572 cum

202 3629 281 3724 ipso
293 3625 413 3698 Poloni
434 3623 655 3718 colligerent
675 3625 918 3718 bellorumque
942 3634 1055 3696 motus
1081 3645 1197 3719 auge-

201 3759 294 3821 rent.
311 3748 464 3843 Nuptioli
493 3748 583 3820 festo
616 3769 695 3818 curn
721 3745 794 3819 filia
816 3746 982 3842 principis
1006 3746 1197 3819 Sendomi-
1265 3747 1266 3751 ’

202 3871 328 3949 niensis
344 3893 490 3960 vacans,
505 3872 581 3968 ipse
598 3893 677 3944 cum
693 3872 832 3945 Potonis
849 3871 967 3958 sociis,
985 3871 1146 3946 fraudum
1160 3880 1196 3944 et

240 4051 281 4125 (1)
291 4051 384 4124 Vulgo
397 4050 561 4126 τὈἰνιρίιο.
