3148 5132
807 577 973 642 ...14-

449 742 498 814 lta
532 741 729 822 ordinatum
766 740 913 834 gradum
949 739 1180 836 episcopalem
1215 739 1389 846 exhibent

397 864 585 958 synodales
620 876 655 936 et
685 865 897 936 Moscuensis
926 862 1086 934 ecclesiae
1111 861 1256 951 tabulae,
1293 863 1389 936 unde

400 985 490 1072 haec,
510 998 545 1057 et
569 1007 650 1079 quaa
667 997 857 1080 sequentur
878 985 1032 1080 percepi.
1062 983 1133 1056 Sub
1150 984 1204 1056 his
1221 985 1389 1060 modera-

401 1109 489 1180 turis
522 1109 707 1203 episcopis,
743 1109 951 1203 templorum
969 1109 1120 1180 maxima
1155 1107 1299 1192 offertur
1327 1128 1391 1180 co-

401 1231 469 1324 pia.
487 1231 705 1303 Vetustescat
721 1231 800 1316 etsi,
817 1240 864 1332 ut
881 1230 1001 1316 crede,
1021 1251 1090 1302 non
1109 1230 1389 1325 praetermittam,

397 1352 500 1442 juxta
526 1353 791 1445 transscriptum
819 1351 914 1446 quod
934 1373 1102 1424 conservo
1128 1352 1312 1446 exemplar
1343 1375 1392 1425 ex

281 1471 282 1476 ’
401 1473 625 1566 patriarchio,
640 1475 850 1568 templorum
862 1494 1057 1546 nnmerum.
1077 1473 1250 1545 Suberant
1265 1476 1392 1548 imme·
1446 1477 1450 1488 “

402 1592 497 1666 diate
518 1595 728 1689 patriarchae
751 1595 966 1668 Mosouensia
998 1596 1129 1687 templa
1145 1595 1225 1687 (alia
1247 1597 1386 1692 pauca).

403 1720 488 1789 Haec
517 1718 775 1810 (praetermissis
803 1717 1034 1804 monasteriis,
1054 1719 1247 1790 numerosis
1264 1729 1300 1789 et
1320 1719 1395 1814 plu-

403 1841 527 1935 rimis),
544 1841 591 1912 ita
604 1839 670 1911 sub
683 1840 828 1911 matrice
844 1841 990 1911 ecclesia
1005 1841 1078 1934 (seu
1090 1837 1218 1935 Sabor),
1236 1841 1395 1936 dispone·

404 1963 549 2049 bantur,
561 1973 597 2034 ut
613 1963 824 2033 subalternae
838 1963 1068 2057 quadraginta
1083 1964 1285 2057 praecipuae‚
1302 1963 1395 2034 inter

404 2085 550 2157 totidem
578 2083 836 2177 quadragenas,
865 2085 1048 2157 inferiores
1065 2107 1287 2178 unaquaeque
1311 2085 1394 2157 sub-

399 2207 538 2298 junctas
569 2219 811 2296 recenserent,
843 2209 1036 2302 supputatis
1071 2208 1217 2302 perinde
1256 2209 1395 2303 templis

403 2332 552 2427 publicis
580 2333 674 2404 mille
704 2335 899 2417 sexcentis3
928 2341 1053 2403 vocata
1073 2331 1256 2404 ruthenice
1279 2333 1396 2404 eccle-

283 2497 286 2502 ·
402 2457 537 2528 siastici
558 2457 661 2549 hujus
682 2457 839 2550 corporis
855 2454 1116 2540 distributione,
1134 2477 1223 2523 sorec
1241 2479 1331 2526 saroa
1347 2455 1397 2549 (id

404 2588 457 2649 est
475 2579 779 2672 quadragenorum
808 2575 1119 2672 quadragenium);
1152 2597 1222 2668 quo
1244 2579 1398 2671 patriar·

402 2703 515 2774 chalia
540 2702 695 2787 decreta,
715 2721 975 2794 concursusque
992 2721 1205 2784 communes,
1225 2723 1289 2794 per
1308 2721 1398 2796 qua-

408 2822 569 2916 draginta
593 2823 724 2917 primas
754 2821 1000 2893 indicebantur
1025 2822 1233 2914 etreliquis.
1253 2823 1309 2893 Sic
1339 2823 1397 2892 le-

401 2956 534 3038 guntur
564 2945 600 3016 in
616 2947 724 3017 Roma
748 2946 887 3018 ethnica
906 2947 951 3015 to
974 2945 1102 3028 tribum
1120 2946 1156 3015 in
1189 2965 1399 3039 unaquaque

406 3070 632 3143 tribudeoem
645 3072 1104 3166 curiae;singulisquecuriis
1117 3093 1217 3142 suum
1230 3071 1399 3165 templum

408 3215 560 3286 suusque
574 3193 737 3265 sacerdos
751 3222 758 3262 :
770 3193 819 3266 sic
828 3193 988 3265 ordinata
995 3191 1263 3290 quondamejus
1279 3213 1401 3287 super·

403 3318 550 3389 stitione
579 3317 757 3411 gentilica.
780 3319 883 3388 Plura
906 3339 952 3389 ex
982 3317 1038 3389 his
1065 3318 1205 3412 templis
1231 3317 1403 3390 incendiis

409 3438 608 3524 destructa3
636 3438 879 3512 deficientibus
901 3441 1057 3535 patronis
1080 3461 1146 3512 nec
1169 3439 1314 3525 refecta,
1335 3459 1403 3534 po-

410 3535 639 3654 pulosissimae
668 3561 750 3632 licet
774 3561 871 3634 urbis
904 3563 1053 3656 paroecis
1083 3582 1159 3632 nec
1189 3561 1401 3649 necessaria,

410 3695 587 3756 servatum
611 3685 648 3755 in
669 3684 713 3756 40
731 3685 918 3780 praecipuis
931 3682 1130 3758 infimorum
1144 3684 1403 3778 quadrageno-

412 3829 490 3878 rum
506 3797 690 3882 numerum
703 3809 907 3898 minuerunt
928 3830 1048 3902 :quem
1067 3809 1173 3882 hodie
1188 3807 1298 3881 fixum
1314 3808 1405 3880 scri-

407 3927 497 4001 bere
528 3940 644 4002 tamen
670 3927 881 4024 impediunt,
901 3939 936 4000 et
966 3930 1080 4024 copia,
1110 3930 1281 4026 pluraque
1310 3929 1405 4002 ultra
