3124 5126
581 630 747 691 ..69-

162 767 482 894 graecandnquam
500 779 647 888 negans,
666 797 827 868 homiues
846 806 963 868 ta'men
982 793 1077 865 carni
1093 796 1163 864 mi-

164 943 229 991 nus
246 920 419 1012 proclives
432 918 648 1004 desiderans,
663 921 858 1012 unitatique
874 917 1015 989 indivisi
1033 919 1162 990 amoris

162 1045 209 1116 ad
233 1066 336 1114 unam
362 1063 525 1136 sponsam
541 1041 644 1134 (siout
661 1042 787 1113 Christi
805 1041 849 1112 ad
876 1042 1077 1134 Ecclesiam)
1102 1045 1160 1112 in-

111 1217 115 1226 ·
163 1169 326 1252 tendens,
345 1179 380 1238 et
402 1167 554 1259 bigamis
568 1190 635 1238 uon
655 1168 904 1253 benedicebat,
921 1179 955 1238 et
974 1189 1035 1238 eos
1053 1169 1163 1239 veluti

163 1291 323 1387 carnalos
350 1290 395 1360 ad
426 1302 610 1381 tempusa
644 1289 890 1360 communione
918 1289 1089 1382 privabat.
1120 1292 1163 1362 Et

164 1413 230 1484 hoc
250 1413 352 1484 modo
369 1413 595 1482 aemulatoros
611 1393 842 1504 monogamiae
862 1411 1064 1482 coelibatum
1086 1415 1162 1484 Ru-

154 1535 288 1642 *thenos
312 1536 541 1606 instruxerat.
565 1536 764 1605 Correctam
782 1537 898 1626 itaque
916 1557 936 1604 a
953 1533 1083 1604 Graecis
1098 1556 1161 1606 se—

162 1656 345 1726 veritatem
363 1655 493 1748 pariter
508 1657 656 1726 Rutheni
669 1658 930 1748 amplexantur3
953 1655 1162 1728 benedicen-
1240 1715 1244 1719 .

49 1823 52 1828 ·
163 1789 216 1846 tes
247 1777 336 1846 hiet
363 1755 569 1850 coronantes
597 1781 633 1848 in
665 1780 812 1850 ecclesia
842 1779 1015 1871 bigamos,¹
1037 1780 1161 1852 eadem

165 1905 309 1998 liturgia
345 1928 414 1998 qua
440 1906 545 1976 hodie
569 1907 700 1978 'Graeci
742 1906 963 1976 Eam'vertit
1001 1906 1159 1993 Gonnus,

163 2028 386 2098 orationibus
417 2029 627 2122 specialibus
658 2041 838 2122 rogantem
860 2007 924 2121 pro
947 2030 1162 2120 ignoscenda

164 2152 353 2244 fragilitate
382 2153 498 2224 carnis
517 2155 551 2222 in
570 2153 724 2245 bigamo.
757 2155 797 2222 Et
816 2154 898 2245 quia
918 2153 952 2221 in
972 2175 1089 2244 graeca
1119 2155 1163 2224 li-

166 2276 281 2364 turgia
313 2287 514 2365 sequentem
543 2275 788 2344 caeremoniam
821 2297 889 2344 ncn
912 2276 1065 2359 invenio,
1087 2277 1162 2346 sin·
1235 2301 1246 2312 ··

141 2379 322 2489 'gularem
357 2419 433 2468 esse
456 2399 703 2468 ‘Rutheuorum
740 2400 890 2490 conjicio
908 2401 1022 2490 :quod
1048 2403 1162 2493 primo

167 2520 339 2590 nubentes
354 2533 566 2591 coronentur
584 2521 619 2590 iu
640 2521 794 2591 interiori
810 2523 928 2614 templi
944 2533 1054 2614 parte,
1077 2545 1161 2593 ver-

165 2666 224 2713 sus
244 2645 496 2728 sanctuarium;
517 2645 648 2736 bigami
667 2646 700 2714 in
718 2645 892 2738 ingressu,
913 2645 1049 2735 trigami
1078 2647 1163 2740 ipsis

170 2768 204 2836 in
216 2767 346 2856 januis,
370 2769 586 2860 caeleroquiu
601 2770 635 2837 in
651 2769 739 2838 atrio
753 2783 833 2838 ante
843 2768 974 2858 gradus
986 2770 1157 2842 ecclesiae.

167 2894 239 2962 Nec
258 2892 405 2963 dubium
431 2904 483 2962 est
510 2893 641 2986 pariter
672 2891 748 2963 lieri
768 2915 848 2962 cum
866 2891 1030 2979 dominis,
1060 2893 1163 2965 sicuti

166 3025 333 3107 expertus
359 3016 422 3085 fuit
443 3016 546 3086 tertio
566 3015 703 3086 nubens
720 3014 864 3107 quidam
884 3023 1003 3084 noster
1021 3009 1158 3088 servus'.

167 3134 313 3227 Nuptias
333 3137 451 3230 itaque
476 3125 601 3230 repeti,
626 3135 860 3208 Rulheninon
888 3135 1069 3223 damnant,
1100 3138 1162 3209 sed

168 3259 373 3331 viduitatem
398 3260 562 3330 coelibem
589 3260 665 3352 plus
687 3259 942 3330 commendant.
