3148 5132
630 627 821 682 ..xpu-

231 794 349 898 perere,
358 810 458 896 priore
468 826 557 896 opere
569 807 944 878 inlectudolluctandum
953 829 1063 899 nempe
1072 812 1136 881 luit
1148 835 1220 884 cum
1281 841 1285 849 ·

232 928 480 997 Protestautium
502 929 598 1008 secta,
613 943 685 1011 quae
709 927 791 994 altas
810 928 879 1014 jam
903 926 936 996 in
958 929 1075 998 Ruseia
1091 934 1223 1002 miserat

134 1103 135 1106 ,
232 1048 361 1118 radices.
375 1045 621 1115 conflictationis
630 1055 742 1114 'ansam
758 1047 893 1132 praebuit
906 1047 1009 1116 eidem
1023 1051 1122 1119 Petro
1131 1053 1222 1136 acer,

231 1189 326 1254 quam
336 1170 369 1236 in
380 1168 592 1236 defensionem
604 1167 744 1235 ecclcsiae
755 1169 992 1254 graeco-rossicae
1006 1171 1154 1241 adversus
1168 1194 1222 1242 no·

231 1293 374 1359 vatorum
389 1290 515 1358 fraudes
527 1289 752 1374 conscripserat
766 1289 944 1376 Stephanus
954 1291 977 1360 J
978 1295 1113 1372 avorslni,
1130 1295 1222 1363 modo

231 1413 377 1479 laudatus
402 1409 602 1495 metropolite
618 1409 821 1476 Riananensis
836 1412 869 1478 et
882 1411 988 1479 throni
1002 1414 1221 1498 patriarchalis

208 1521 212 1532 ’
228 1534 367 1614 exarcha,
383 1551 462 1600 anno
479 1534 561 1600 1722
576 1532 643 1599 vita
658 1531 836 1600 defunctus.
858 1533 945 1618 Opus
969 1553 1095 1621 magnae
1110 1539 1220 1606 aucto·

226 1650 430 1736 nitatis,quod
444 1651 558 1718 Ribera
570 1651 697 1734 quidem
709 1651 799 1718 vocet
811 1651 1107 1740 catholicissimum,
1120 1658 1222 1728 Theo·

226 1772 391 1858 phylactus
402 1770 648 1853 vero,Tverensis
662 1771 834 1855 episcopus,
845 1773 1044 1841 commendat
1052 1775 1089 1842 ut
1103 1775 1221 1844 librom

225 1891 441 1958 utilissimam
477 1910 665 1974 summopore
693 1909 807 1957 rerem
835 1889 1029 1958 divinorum
1057 1893 1220 1978 sapientia
1278 1899 1281 1909 '

227 2010 445 2095 compositore,
459 2009 514 2094 qui
525 2010 685 2095 propterea
696 2008 796 2075 euasit
810 2008 1065 2078 Protestantibus
1081 2031 1221 2080 summo·

228 2147 299 2214 pere
313 2129 456 2212 ingratus
472 2127 595 2211 fuitque
609 2127 648 2194 ab
662 2127 739 2212 ipsis
754 2127 901 2195 continuo
915 2127 1129 2216 impugnatus.

267 2244 391 2311 Prodiit
404 2245 462 2310 hoc
477 2243 632 2325 uolumen,
649 2225 807 2312 slavonico
826 2245 977 2314 idiomate
1003 2249 1217 2336 conscriptum

224 2373 409 2454 aun01728,
425 2373 554 2440 curante
569 2374 601 2440 et
622 2372 812 2458 approbante
827 2375 956 2459 praelato
976 2375 1220 2465 theophylacto,
1259 2407 1261 2411 ’

114 2494 117 2501 ’
226 2495 394 2578 habitaque
426 2493 577 2560 facultate
602 2512 621 2559 a
649 2511 793 2578 supremo
824 2495 954 2582 Imperii
985 2498 1132 2568 consilio.
1157 2503 1218 2570 Vin

224 2620 331 2686 autem
363 2615 469 2681 lucem
489 2612 608 2699 aspexit
633 2612 793 2681 Jauorskii
816 2613 907 2698 liber,
936 2635 1008 2686 cum
1037 2638 1107 2688 ecce
1138 2640 1217 2689 anno

222 2735 359 2821 proxime
382 2725 525 2818 'sequenti
549 2732 668 2818 peracri
688 2733 810 2818 judicio
838 2735 1041 2804 submittitur
1065 2739 1214 2808 indetis

222 2856 435 2926 Eruditoracoc
456 2855 693 2939 &peccatine
714 2857 769 2923 ubi
792 2857 890 2924 simul
910 2860 1096 2928 monebatur
1116 2862 1216 2932 lector

220 2977 304 3046 illud
318 2975 438 3044 breuia
460 2975 625 3043 Francisco
645 2974 783 3057 Buddeo,
804 2976 837 3041 in
857 2975 1010 3062 peculiari
1031 2978 1158 3063 scripto,
1174 2980 1214 3046 ad

221 3098 404 3166 exactiorem
422 3097 576 3164 trutinam
597 3095 662 3162 lore
683 3095 901 3162 revocandum.
916 3096 961 3162 Re
984 3097 1112 3182 quidem
1130 3118 1213 3182 vera,

220 3241 281 3288 non
302 3218 404 3286 multo
424 3219 495 3303 post
512 3217 642 3303 vulgata
659 3217 721 3284 fuit
739 3217 761 3283 J
763 3236 827 3284 enae
843 3216 994 3300 Epistola
1017 3218 1211 3304 apotopctc'cc

212 3360 275 3424 pro
298 3336 448 3406 Ecclesia
468 3337 641 3403 lutheranae
666 3340 779 3404 corat-ro
793 3336 978 3404 calumnias
1001 3341 1030 3404 et
1051 3332 1205 3406 ottrecta-

128 3447 132 3456 ’
217 3460 321 3526 tiones
334 3454 483 3541 Stephani
497 3456 519 3523 J
521 3455 666 3533 everaldi,
687 3455 726 3522 ad
741 3455 880 3522 amicum
894 3455 1030 3524 ldoscuae
1045 3456 1209 3542 degentem

218 3579 374 3664 scriptae
396 3575 486 3644 Joan.
511 3577 621 3645 Franc.
649 3577 778 3644 Buddeo
803 3577 867 3660 (an.
900 3576 1007 3664 1729).
1037 3577 1129 3646 Hanc
1155 3580 1211 3647 ubi

217 3701 337 3787 accepit
362 3701 398 3766 n.
425 3700 542 3768 arcera
571 3674 781 3788 parregrtqud,
808 3698 898 3766 iniec
930 3717 964 3766 se
1002 3699 1141 3768 acosma
1169 3701 1209 3768 aa

216 3820 471 3892 conscribendum
500 3819 702 3904 Responsum
728 3818 1015 3904 catapotopettcom
1052 3818 1210 3888 Ecclesia

215 3945 375 4018 cottoticce
384 3947 497 4012 contra
509 3943 729 4012 calumniosas
740 3941 953 4028 blasphemias
964 3943 986 4013 J
988 3991 996 4012 .
1008 3943 1059 4012 Fr.
1074 3943 1210 4014 Buddei
