<?xml version="1.0" encoding="UTF-8"?>
<!DOCTYPE html PUBLIC "-//W3C//DTD XHTML 1.0 Transitional//EN"
    "http://www.w3.org/TR/xhtml1/DTD/xhtml1-transitional.dtd">
<html xmlns="http://www.w3.org/1999/xhtml" xml:lang="en" lang="en">
 <head>
  <title>
</title>
<meta http-equiv="Content-Type" content="text/html;charset=utf-8" />
  <meta name='ocr-system' content='tesseract 3.04.00' />
  <meta name='ocr-capabilities' content='ocr_page ocr_carea ocr_par ocr_line ocrx_word'/>
</head>
<body>
  <div class='ocr_page' id='page_1' title='image "./brevisenarratio00ribegoog/brevisenarratio00ribegoog_0148.png"; bbox 0 0 3124 5126; ppageno 0'>
   <div class='ocr_carea' id='block_1_1' title="bbox 504 1169 858 1320">
    <p class='ocr_par' dir='ltr' id='par_1_1' title="bbox 504 1169 858 1320">
     <span class='ocr_line' id='line_1_1' title="bbox 504 1169 858 1320; baseline -0.006 -34"><span class='ocrx_word' id='word_1_1' title='bbox 504 1169 858 1320; x_wconf 33' lang='lat' dir='ltr'>{Appenninos</span> 
     </span>
    </p>
   </div>
   <div class='ocr_carea' id='block_1_2' title="bbox 406 1815 957 1913">
    <p class='ocr_par' dir='ltr' id='par_1_2' title="bbox 406 1815 957 1913">
     <span class='ocr_line' id='line_1_2' title="bbox 406 1815 957 1913; baseline -0.004 -23"><span class='ocrx_word' id='word_1_2' title='bbox 406 1817 633 1892; x_wconf 83' lang='lat' dir='ltr'>APPENDIX</span> <span class='ocrx_word' id='word_1_3' title='bbox 664 1820 681 1892; x_wconf 92' lang='lat' dir='ltr'>l</span> <span class='ocrx_word' id='word_1_4' title='bbox 716 1819 772 1910; x_wconf 84' lang='lat' dir='ltr'>(ad</span> <span class='ocrx_word' id='word_1_5' title='bbox 799 1841 878 1913; x_wconf 82' lang='lat' dir='ltr'>pag.</span> <span class='ocrx_word' id='word_1_6' title='bbox 907 1815 957 1910; x_wconf 80' lang='lat'>7).</span> 
     </span>
    </p>
   </div>
   <div class='ocr_carea' id='block_1_3' title="bbox 98 2123 1309 4062">
    <p class='ocr_par' dir='ltr' id='par_1_3' title="bbox 98 2123 1309 2966">
     <span class='ocr_line' id='line_1_3' title="bbox 245 2123 1309 2236; baseline 0.003 -25"><span class='ocrx_word' id='word_1_7' title='bbox 245 2143 278 2213; x_wconf 88' lang='lat' dir='ltr'>S.</span> <span class='ocrx_word' id='word_1_8' title='bbox 321 2139 505 2236; x_wconf 79' lang='lat' dir='ltr'>cyrillum,</span> <span class='ocrx_word' id='word_1_9' title='bbox 544 2138 710 2210; x_wconf 84' lang='lat' dir='ltr'>Morauiae</span> <span class='ocrx_word' id='word_1_10' title='bbox 745 2138 962 2232; x_wconf 85' lang='lat' dir='ltr'>apostolum,</span> <span class='ocrx_word' id='word_1_11' title='bbox 1001 2123 1190 2234; x_wconf 78' lang='lat' dir='ltr'><strong>numquam</strong></span> <span class='ocrx_word' id='word_1_12' title='bbox 1300 2135 1309 2158; x_wconf 78' lang='lat'>⁸</span> 
     </span>
     <span class='ocr_line' id='line_1_4' title="bbox 193 2241 1192 2356; baseline 0 -20"><span class='ocrx_word' id='word_1_13' title='bbox 193 2264 352 2336; x_wconf 83' lang='lat' dir='ltr'>liioviam</span> <span class='ocrx_word' id='word_1_14' title='bbox 367 2241 509 2348; x_wconf 82' lang='lat' dir='ltr'>adiisse,</span> <span class='ocrx_word' id='word_1_15' title='bbox 525 2283 590 2334; x_wconf 90' lang='lat' dir='ltr'>nee</span> <span class='ocrx_word' id='word_1_16' title='bbox 622 2263 883 2356; x_wconf 82' lang='lat' dir='ltr'>evangelizasse</span> <span class='ocrx_word' id='word_1_17' title='bbox 911 2261 1105 2349; x_wconf 86' lang='lat' dir='ltr'>Ruthenos‚</span> <span class='ocrx_word' id='word_1_18' title='bbox 1134 2285 1192 2336; x_wconf 89' lang='lat' dir='ltr'>res</span> 
     </span>
     <span class='ocr_line' id='line_1_5' title="bbox 194 2383 1191 2478; baseline 0 -20"><span class='ocrx_word' id='word_1_19' title='bbox 194 2385 283 2458; x_wconf 91' lang='lat' dir='ltr'>adeo</span> <span class='ocrx_word' id='word_1_20' title='bbox 301 2395 383 2455; x_wconf 88' lang='lat' dir='ltr'>nota</span> <span class='ocrx_word' id='word_1_21' title='bbox 398 2393 463 2468; x_wconf 91' lang='lat' dir='ltr'>est,</span> <span class='ocrx_word' id='word_1_22' title='bbox 484 2394 521 2454; x_wconf 91' lang='lat' dir='ltr'>ut</span> <span class='ocrx_word' id='word_1_23' title='bbox 539 2384 635 2454; x_wconf 91' lang='lat' dir='ltr'>nulla</span> <span class='ocrx_word' id='word_1_24' title='bbox 651 2385 808 2478; x_wconf 80' lang='lat' dir='ltr'>indigeat</span> <span class='ocrx_word' id='word_1_25' title='bbox 834 2383 1085 2457; x_wconf 81' lang='lat' dir='ltr'>declaratione.</span> <span class='ocrx_word' id='word_1_26' title='bbox 1107 2383 1191 2458; x_wconf 84' lang='lat' dir='ltr'>Con·</span> 
     </span>
     <span class='ocr_line' id='line_1_6' title="bbox 98 2503 1187 2602; baseline -0.002 -20"><span class='ocrx_word' id='word_1_27' title='bbox 98 2503 102 2510; x_wconf 83' lang='grc'><strong>’</strong></span> <span class='ocrx_word' id='word_1_28' title='bbox 193 2520 261 2582; x_wconf 89' lang='lat' dir='ltr'>stat</span> <span class='ocrx_word' id='word_1_29' title='bbox 279 2509 409 2602; x_wconf 90' lang='lat' dir='ltr'>pariter</span> <span class='ocrx_word' id='word_1_30' title='bbox 424 2529 505 2578; x_wconf 91' lang='lat' dir='ltr'>eum</span> <span class='ocrx_word' id='word_1_31' title='bbox 534 2507 747 2600; x_wconf 80' lang='lat' dir='ltr'>aliquamdiu</span> <span class='ocrx_word' id='word_1_32' title='bbox 773 2518 944 2580; x_wconf 87' lang='lat' dir='ltr'>moratum</span> <span class='ocrx_word' id='word_1_33' title='bbox 973 2529 1050 2580; x_wconf 91' lang='lat' dir='ltr'>esse</span> <span class='ocrx_word' id='word_1_34' title='bbox 1074 2508 1187 2582; x_wconf 84' lang='lat' dir='ltr'>Cher-</span> 
     </span>
     <span class='ocr_line' id='line_1_7' title="bbox 194 2629 1191 2724; baseline 0.001 -21"><span class='ocrx_word' id='word_1_35' title='bbox 194 2652 292 2703; x_wconf 79' lang='lat' dir='ltr'>sonae</span> <span class='ocrx_word' id='word_1_36' title='bbox 333 2631 368 2700; x_wconf 95' lang='lat' dir='ltr'>in</span> <span class='ocrx_word' id='word_1_37' title='bbox 411 2629 590 2715; x_wconf 88' lang='lat' dir='ltr'>Tauride,</span> <span class='ocrx_word' id='word_1_38' title='bbox 640 2631 758 2722; x_wconf 88' lang='lat' dir='ltr'>ibique</span> <span class='ocrx_word' id='word_1_39' title='bbox 805 2629 981 2702; x_wconf 88' lang='lat' dir='ltr'>invenisse</span> <span class='ocrx_word' id='word_1_40' title='bbox 1026 2632 1191 2724; x_wconf 84' lang='lat' dir='ltr'>reliquias</span> 
     </span>
     <span class='ocr_line' id='line_1_8' title="bbox 195 2751 1192 2853; baseline 0 -29"><span class='ocrx_word' id='word_1_41' title='bbox 195 2753 230 2824; x_wconf 86' lang='lat' dir='ltr'>S.</span> <span class='ocrx_word' id='word_1_42' title='bbox 254 2751 455 2836; x_wconf 89' lang='lat' dir='ltr'>Clementis,</span> <span class='ocrx_word' id='word_1_43' title='bbox 475 2772 578 2846; x_wconf 75' lang='lat' dir='ltr'>papae</span> <span class='ocrx_word' id='word_1_44' title='bbox 605 2764 640 2853; x_wconf 87' lang='lat' dir='ltr'>et</span> <span class='ocrx_word' id='word_1_45' title='bbox 664 2753 840 2845; x_wconf 77' lang='lat' dir='ltr'>martyris,</span> <span class='ocrx_word' id='word_1_46' title='bbox 861 2773 948 2844; x_wconf 90' lang='lat' dir='ltr'>quas</span> <span class='ocrx_word' id='word_1_47' title='bbox 965 2772 1083 2826; x_wconf 87' lang='lat' dir='ltr'>seeum</span> <span class='ocrx_word' id='word_1_48' title='bbox 1108 2752 1192 2824; x_wconf 91' lang='lat' dir='ltr'>inde</span> 
     </span>
     <span class='ocr_line' id='line_1_9' title="bbox 194 2871 1193 2966; baseline 0.002 -24"><span class='ocrx_word' id='word_1_49' title='bbox 194 2873 272 2944; x_wconf 91' lang='lat' dir='ltr'>tulit</span> <span class='ocrx_word' id='word_1_50' title='bbox 306 2874 463 2957; x_wconf 86' lang='lat' dir='ltr'>Romam,</span> <span class='ocrx_word' id='word_1_51' title='bbox 497 2873 558 2942; x_wconf 91' lang='lat' dir='ltr'>ubi</span> <span class='ocrx_word' id='word_1_52' title='bbox 587 2893 790 2966; x_wconf 74' lang='lat' dir='ltr'>supremum</span> <span class='ocrx_word' id='word_1_53' title='bbox 819 2871 914 2942; x_wconf 91' lang='lat' dir='ltr'>diem</span> <span class='ocrx_word' id='word_1_54' title='bbox 941 2871 1040 2943; x_wconf 87' lang='lat' dir='ltr'>obiit.</span> <span class='ocrx_word' id='word_1_55' title='bbox 1061 2871 1193 2944; x_wconf 88' lang='lat' dir='ltr'>Certis-</span> 
     </span>
    </p>

    <p class='ocr_par' dir='ltr' id='par_1_4' title="bbox 165 2983 1194 3680">
     <span class='ocr_line' id='line_1_10' title="bbox 194 2983 1192 3089; baseline 0.002 -24"><span class='ocrx_word' id='word_1_56' title='bbox 194 2995 282 3066; x_wconf 90' lang='lat' dir='ltr'>sima</span> <span class='ocrx_word' id='word_1_57' title='bbox 298 3015 438 3089; x_wconf 92' lang='lat' dir='ltr'>quoque</span> <span class='ocrx_word' id='word_1_58' title='bbox 455 3007 507 3066; x_wconf 89' lang='lat' dir='ltr'>est</span> <span class='ocrx_word' id='word_1_59' title='bbox 524 2997 600 3088; x_wconf 87' lang='lat' dir='ltr'>ejus</span> <span class='ocrx_word' id='word_1_60' title='bbox 617 2993 822 3088; x_wconf 86' lang='lat' dir='ltr'>praedicatio</span> <span class='ocrx_word' id='word_1_61' title='bbox 839 2993 935 3088; x_wconf 90' lang='lat' dir='ltr'>apud</span> <span class='ocrx_word' id='word_1_62' title='bbox 954 2983 1128 3088; x_wconf 64' lang='lat' dir='ltr'>Monstras,</span> <span class='ocrx_word' id='word_1_63' title='bbox 1154 2996 1192 3067; x_wconf 93' lang='lat' dir='ltr'>in</span> 
     </span>
     <span class='ocr_line' id='line_1_11' title="bbox 165 3091 1192 3209; baseline 0.002 -23"><span class='ocrx_word' id='word_1_64' title='bbox 165 3091 168 3101; x_wconf 47' lang='grc'><strong><em>’</em></strong></span> <span class='ocrx_word' id='word_1_65' title='bbox 195 3116 322 3209; x_wconf 89' lang='lat' dir='ltr'>quibus</span> <span class='ocrx_word' id='word_1_66' title='bbox 338 3115 542 3188; x_wconf 87' lang='lat' dir='ltr'>erudiendis</span> <span class='ocrx_word' id='word_1_67' title='bbox 558 3119 701 3188; x_wconf 91' lang='lat' dir='ltr'>multam</span> <span class='ocrx_word' id='word_1_68' title='bbox 731 3138 850 3188; x_wconf 82' lang='lat' dir='ltr'>euram</span> <span class='ocrx_word' id='word_1_69' title='bbox 877 3116 992 3209; x_wconf 82' lang='lat' dir='ltr'>posuit</span> <span class='ocrx_word' id='word_1_70' title='bbox 1018 3137 1192 3188; x_wconf 87' lang='lat' dir='ltr'>unacum</span> 
     </span>
     <span class='ocr_line' id='line_1_12' title="bbox 195 3227 1191 3334; baseline 0.003 -27"><span class='ocrx_word' id='word_1_71' title='bbox 195 3239 302 3310; x_wconf 80' lang='lat' dir='ltr'>fratre</span> <span class='ocrx_word' id='word_1_72' title='bbox 318 3259 382 3310; x_wconf 90' lang='lat' dir='ltr'>suo</span> <span class='ocrx_word' id='word_1_73' title='bbox 394 3239 591 3326; x_wconf 90' lang='lat' dir='ltr'>Methodio;</span> <span class='ocrx_word' id='word_1_74' title='bbox 608 3252 644 3310; x_wconf 94' lang='lat' dir='ltr'>at</span> <span class='ocrx_word' id='word_1_75' title='bbox 669 3239 845 3334; x_wconf 77' lang='lat' dir='ltr'>praecipua</span> <span class='ocrx_word' id='word_1_76' title='bbox 862 3227 900 3311; x_wconf 83' lang='lat' dir='ltr'>S.</span> <span class='ocrx_word' id='word_1_77' title='bbox 914 3238 1032 3334; x_wconf 82' lang='lat' dir='ltr'>Cyrilli</span> <span class='ocrx_word' id='word_1_78' title='bbox 1057 3239 1132 3310; x_wconf 85' lang='lat' dir='ltr'>laus</span> <span class='ocrx_word' id='word_1_79' title='bbox 1155 3239 1191 3310; x_wconf 93' lang='lat' dir='ltr'>in</span> 
     </span>
     <span class='ocr_line' id='line_1_13' title="bbox 196 3353 1194 3457; baseline 0.008 -29"><span class='ocrx_word' id='word_1_80' title='bbox 196 3379 238 3430; x_wconf 92' lang='lat' dir='ltr'>eo</span> <span class='ocrx_word' id='word_1_81' title='bbox 258 3373 323 3446; x_wconf 91' lang='lat' dir='ltr'>est,</span> <span class='ocrx_word' id='word_1_82' title='bbox 341 3362 605 3456; x_wconf 87' lang='lat' dir='ltr'>quodomnium</span> <span class='ocrx_word' id='word_1_83' title='bbox 624 3364 757 3457; x_wconf 90' lang='lat' dir='ltr'>primus</span> <span class='ocrx_word' id='word_1_84' title='bbox 774 3363 909 3434; x_wconf 84' lang='lat' dir='ltr'>litteras</span> <span class='ocrx_word' id='word_1_85' title='bbox 927 3353 1121 3435; x_wconf 83' lang='lat' dir='ltr'>slovenieas</span> <span class='ocrx_word' id='word_1_86' title='bbox 1133 3385 1194 3436; x_wconf 82' lang='lat' dir='ltr'>ex·</span> 
     </span>
     <span class='ocr_line' id='line_1_14' title="bbox 196 3483 1192 3583; baseline 0.005 -32"><span class='ocrx_word' id='word_1_87' title='bbox 196 3483 416 3576; x_wconf 81' lang='lat' dir='ltr'>cogitaverit,</span> <span class='ocrx_word' id='word_1_88' title='bbox 430 3483 607 3581; x_wconf 91' lang='lat' dir='ltr'>librosque</span> <span class='ocrx_word' id='word_1_89' title='bbox 624 3509 740 3558; x_wconf 82' lang='lat' dir='ltr'>saeros</span> <span class='ocrx_word' id='word_1_90' title='bbox 755 3507 875 3556; x_wconf 88' lang='lat' dir='ltr'>earum</span> <span class='ocrx_word' id='word_1_91' title='bbox 893 3507 961 3583; x_wconf 87' lang='lat' dir='ltr'>ope</span> <span class='ocrx_word' id='word_1_92' title='bbox 976 3487 1192 3581; x_wconf 83' lang='lat' dir='ltr'>conscriptos</span> 
     </span>
     <span class='ocr_line' id='line_1_15' title="bbox 195 3603 530 3680; baseline 0.024 -10"><span class='ocrx_word' id='word_1_93' title='bbox 195 3603 351 3673; x_wconf 88' lang='lat' dir='ltr'>attulerit</span> <span class='ocrx_word' id='word_1_94' title='bbox 366 3605 530 3680; x_wconf 88' lang='lat' dir='ltr'>Moravis.</span> 
     </span>
    </p>

    <p class='ocr_par' dir='ltr' id='par_1_5' title="bbox 196 3726 1191 4062">
     <span class='ocr_line' id='line_1_16' title="bbox 244 3726 1191 3825; baseline 0.002 -28"><span class='ocrx_word' id='word_1_95' title='bbox 244 3726 413 3810; x_wconf 82' lang='lat' dir='ltr'>Quamuis</span> <span class='ocrx_word' id='word_1_96' title='bbox 438 3745 554 3803; x_wconf 88' lang='lat' dir='ltr'>antem</span> <span class='ocrx_word' id='word_1_97' title='bbox 594 3733 728 3825; x_wconf 78' lang='lat' dir='ltr'>integra</span> <span class='ocrx_word' id='word_1_98' title='bbox 759 3733 914 3804; x_wconf 85' lang='lat' dir='ltr'>existent</span> <span class='ocrx_word' id='word_1_99' title='bbox 942 3729 1123 3801; x_wconf 89' lang='lat' dir='ltr'>volumina</span> <span class='ocrx_word' id='word_1_100' title='bbox 1154 3730 1191 3800; x_wconf 92' lang='lat' dir='ltr'>in</span> 
     </span>
     <span class='ocr_line' id='line_1_17' title="bbox 196 3847 1189 3948; baseline 0.001 -30"><span class='ocrx_word' id='word_1_101' title='bbox 196 3847 324 3940; x_wconf 85' lang='lat' dir='ltr'>qulbus</span> <span class='ocrx_word' id='word_1_102' title='bbox 341 3848 545 3924; x_wconf 83' lang='lat' dir='ltr'>Sanctorum</span> <span class='ocrx_word' id='word_1_103' title='bbox 565 3856 690 3926; x_wconf 89' lang='lat' dir='ltr'>horum</span> <span class='ocrx_word' id='word_1_104' title='bbox 720 3866 819 3948; x_wconf 85' lang='lat' dir='ltr'>gesta</span> <span class='ocrx_word' id='word_1_105' title='bbox 842 3855 917 3926; x_wconf 86' lang='lat' dir='ltr'>fuse</span> <span class='ocrx_word' id='word_1_106' title='bbox 950 3851 1189 3932; x_wconf 77' lang='lat' dir='ltr'>declarantur,</span> 
     </span>
     <span class='ocr_line' id='line_1_18' title="bbox 196 3965 1185 4062; baseline 0.004 -22"><span class='ocrx_word' id='word_1_107' title='bbox 196 3970 277 4062; x_wconf 88' lang='lat' dir='ltr'>qula</span> <span class='ocrx_word' id='word_1_108' title='bbox 295 3985 414 4046; x_wconf 91' lang='lat' dir='ltr'>tamen</span> <span class='ocrx_word' id='word_1_109' title='bbox 432 3977 510 4050; x_wconf 73' lang='lat' dir='ltr'>baec</span> <span class='ocrx_word' id='word_1_110' title='bbox 526 3979 709 4050; x_wconf 79' lang='lat' dir='ltr'>Auctorem</span> <span class='ocrx_word' id='word_1_111' title='bbox 731 3989 888 4050; x_wconf 85' lang='lat' dir='ltr'>nostrum</span> <span class='ocrx_word' id='word_1_112' title='bbox 910 3965 1053 4049; x_wconf 85' lang='lat' dir='ltr'>omnino</span> <span class='ocrx_word' id='word_1_113' title='bbox 1069 3973 1185 4044; x_wconf 90' lang='lat' dir='ltr'>latue-</span> 
     </span>
    </p>
   </div>
   <div class='ocr_carea' id='block_1_4' title="bbox 0 0 1571 5126">
    <p class='ocr_par' dir='ltr' id='par_1_6' title="bbox 0 0 1571 5126">
     <span class='ocr_line' id='line_1_19' title="bbox 0 0 1571 5126; baseline 0 0"><span class='ocrx_word' id='word_1_114' title='bbox 0 0 1571 5126; x_wconf 95' lang='lat' dir='ltr'> </span> 
     </span>
    </p>
   </div>
  </div>
 </body>
</html>
