3172 5130
762 605 950 670 -158-

411 695 419 730 l

357 807 466 882 ponso
494 787 793 882 Antapologetico
816 787 906 881 (vid.
930 787 1019 882 App.
1053 788 1116 882 XI)
1131 813 1138 858 :
1153 787 1346 858 invincibi-

356 913 436 984 liter
450 911 580 1006 'qnippe
598 914 757 1007 ignorant
775 914 893 1006 plures
909 935 1027 984 veram
1051 914 1237 986 Ecclesiam
1265 933 1346 1006 qoae

357 1037 537 1108 ueritatem
557 1038 731 1132 proponit,
761 1060 839 1108 oum
857 1037 902 1108 ab
916 1039 1075 1132 ipsarum
1089 1037 1241 1132 praelatis
1258 1037 1347 1107 male

358 1153 450 1231 circa
475 1161 564 1230 hanc
589 1161 820 1231 instruuntur.
846 1161 1017 1232 Malitiose
1043 1171 1226 1254 peccantes
1254 1163 1345 1232 Deus

358 1287 528 1378 corrigat;
557 1285 651 1356 circa
681 1285 882 1379 ignorantes
910 1287 944 1356 in
977 1284 1043 1357 hoc
1069 1285 1150 1357 fidei
1181 1286 1348 1379 mysterio

307 1430 311 1440 ·
359 1407 442 1498 (agit
454 1406 580 1478 Ribera
590 1407 635 1478 de
645 1409 866 1501 processione
879 1407 1024 1501 Spiritus
1038 1408 1104 1500 8.),
1127 1407 1207 1478 vide
1220 1426 1346 1500 supra·

359 1531 465 1614 dicta,
482 1530 541 1601 ubi
560 1532 594 1599 S.
616 1531 781 1603 Thomam
800 1532 1024 1606 adduximus.
1040 1531 1207 1622 judicium
1226 1533 1345 1604 seren-

351 1663 429 1723 tem
448 1651 492 1722 de
509 1651 724 1744 simplicibus
741 1655 833 1724 inter
852 1634 1058 1726 haereticos¹
1070 1679 1085 1719 a

765 1916 935 1928 ..ι-*ση-

575 2155 795 2228 APPENlth
813 2156 862 2228 XI
882 2155 939 2248 (ad
957 2141 1037 2250 pag.
1060 2157 1132 2249 st).
1189 2196 1192 2202 ·

411 2400 459 2470 lin
479 2419 559 2492 quae
577 2398 669 2468 circa
687 2399 811 2468 lactum
836 2396 921 2467 illud
939 2397 1154 2501 leguntur-in
1171 2401 1350 2486 Responso
1371 2417 1374 2422 ·

361 2524 660 2609 Antapotoyetiw,
681 2521 757 2591 loco
776 2521 905 2590 citato:
1003 2565 1014 2611 ⁸.

418 2642 489 2712 «Ut
507 2653 652 2712 noscant
675 2641 875 2725 Lutherani,
902 2641 949 2710 ait
974 2641 1114 2725 Bibere,
1138 2661 1243 2731 quam
1261 2660 1352 2709 vane

361 2745 405 2837 ed
435 2767 669 2839 renovandam
705 2765 978 2838 iconomachiam
1015 2767 1049 2836 in
1084 2764 1219 2843 Graecia
1245 2763 1353 2835 desn-

361 2891 445 2963 dent
477 2904 512 2962 et
539 2892 614 2986 plus
641 2891 675 2960 in
698 2890 833 2972 Bossia,
857 2887 916 2959 ubi
937 2889 1020 2981 (Deo
1048 2887 1189 2980 gratias)
1222 2887 1352 2959 Turoas

361 3015 537 3107 adjutores
553 3035 622 3085 non
637 3011 769 3084 habent
783 3013 871 3082 sicut
889 3013 924 3081 in
946 3011 1093 3092 Graecia,
1111 3032 1174 3104 pro
1188 3011 1352 3102 rejicien-

362 3138 416 3210 dis
438 3135 614 3208 iconibus:
636 3117 787 3206 narrabo
817 3133 1048 3227 (permittatur
1071 3133 1226 3228 tandem)
1252 3119 1371 3205 miri·'

362 3260 465 3337 licum
485 3261 545 3330 Dei
558 3282 658 3353 opus,
675 3258 791 3330 media
808 3259 848 3329 B.
861 3258 1004 3352 Virgine
1022 3257 1056 3326 in
1076 3258 1227 3349 imagine
1259 3260 1351 3330 culta

363 3399 399 3460 et
423 3389 605 3458 invocata:
633 3404 702 3478 quo
720 3383 865 3478 patebit,
881 3383 1062 3476 plusquam
1081 3381 1269 3452 Lutherani
1283 3383 1352 3453 de-

364 3520 500 3582 struant
526 3509 674 3602 scriptis,
695 3509 803 3578 Deum
823 3506 1012 3578 Ecclesiam
1043 3503 1221 3575 aedificare
1241 3506 1353 3575 mira-

364 3632 463 3703 culis.

414 3755 609 3825 Devenerat
642 3773 736 3824 anno
765 3753 938 3824 currentis
964 3756 1084 3827 saecnli
1113 3749 1365 3826 decimotertio

366 3878 411 3951 ad
437 3881 627 3950 maximum
656 3878 903 3950 monasterium
936 3880 995 3948 SS.
1028 3881 1207 3952 Trinitatis
1234 3879 1351 3972 (vulgo

359 3999 523 4094 ¹Troilum]
538 4001 719 4093 sexaginta
735 4000 940 4071 milliaribus
953 3999 1146 4093 (ruthenico
1159 4003 1351 4094 uerstlver·
