3172 5130
667 564 703 577 -
716 529 774 596 1911
796 565 827 579 -

232 711 261 776 in
274 713 397 798 quodem
407 709 592 790 monasterio,
606 709 737 775 testibus
758 709 898 791 Kelesa,
912 700 1065 780 ll'nleeinio
1089 713 1222 804 aliisque

274 805 346 890 Peg.
365 807 416 882 et,
428 807 479 871 lio.
494 805 545 869 ll.
562 803 743 869 Christianus
761 805 891 884 G'rotihs,
904 807 953 873 vel
969 807 1069 890 Gross,
1080 805 1228 898 Petropoa

164 973 168 988 .
229 900 280 965 lim
293 901 414 967 advenit
424 921 500 966 anno
511 899 728 964 llhhunaeom
739 895 907 985 Billingero,
923 903 991 966 olins
1008 919 1062 968 suo
1073 907 1225 988 magistro,

228 995 312 1078 eujus
322 995 497 1060 lectionibus
519 994 648 1080 puhlicis
667 1013 737 1082 osus
765 993 1013 1082 eratTuhinguae.
1046 999 1154 1063 Eodem
1167 1022 1225 1086 pa-

228 1101 327 1169 trono,
339 1089 500 1155 Academia
515 1089 736 1174 petrepolitane
747 1102 884 1154 recenter
896 1091 1039 1182 institptae
1051 1093 1225 1158 adnumera·

227 1197 277 1250 tus
287 1187 344 1250 luia
356 1205 432 1249 anno
445 1185 577 1270 proxime
588 1184 734 1268 sequenti.
750 1181 796 1247 nd
821 1185 893 1261 hae,
918 1187 1108 1271 praeceptoris
1121 1203 1229 1253 munus

229 1275 357 1344 obtinuit
367 1277 446 1364 apud
461 1277 595 1342 comitem
610 1277 779 1355 Osterrnen„
799 1279 912 1364 imperii
930 1275 1142 1346 Cenoellarionr
1162 1303 1226 1348 rna*

226 1393 350 1459 gnaeque
371 1384 441 1436 tune
466 1372 649 1436 auctoritatis
661 1372 767 1450 virum,
788 1371 818 1435 in
837 1373 1018 1456 cninsetiam
1030 1375 1117 1441 domo
1131 1377 1225 1464 ‹lege-

226 1466 277 1530 bat
288 1465 429 1550 Mosqna,
443 1483 500 1528 non
513 1465 606 1528 solnm
620 1465 719 1529 liberis
747 1465 811 1547 ejus
827 1465 999 1532 erudiendis
1018 1469 1158 1552 intentus,
1171 1473 1225 1538 sad

227 1565 318 1628 variis
330 1583 445 1648 quoque
464 1560 671 1646 scriptionrhus
685 1563 716 1626 in
729 1583 815 1626 nsum
838 1561 1013 1629 cancellarii
1028 1565 1224 1650 perficiendis.

227 1655 685 1742 Theophanemarohiepiseopnm
712 1655 975 1742 Novgorodensenr
996 1673 1119 1726 noverat
1130 1661 1226 1728 Gros-

180 1794 182 1798 -
227 1754 375 1818 sinshane
400 1749 661 1837 aolehatqoeaaleo
676 1763 710 1817 ut
724 1771 812 1816 noum
827 1761 1017 1820 manasse
1042 1756 1164 1836 diceret,
1185 1759 1225 1824 oh

227 1869 360 1934 magnam
375 1850 488 1914 seilicet
499 1849 556 1914 viri
570 1847 599 1913 in
611 1849 759 1914 annonas
772 1851 896 1916 Luthari
903 1855 1136 1936 propensionem.

267 1945 302 2010 ln
314 1945 496 2029 explicandis
509 1943 663 2008 Russorum
683 1947 806 2009 nummis
819 1965 888 2010 usus
900 1959 946 2011 est
959 1945 1054 2012 ntra
1064 1949 1223 2030 Gaudenti,

226 2061 314 2126 quem
336 2039 515 2123 Theophilus
540 2035 642 2101 llrolih
656 2057 672 2102 e
689 2039 839 2104 slavonico
852 2042 962 2104 lecerat
975 2039 1108 2106 latinum.
1122 2041 1221 2111 loea-

224 2147 273 2200 tur
293 2149 390 2199 autem
411 2135 486 2198 liher
504 2134 562 2197 'iste
586 2131 747 2226 Gradualie
777 2153 813 2198 eo
839 2135 919 2219 quod
943 2135 1094 2200 historiam
1119 2157 1223 2222 regnor

223 2230 380 2296 Mosooviae
391 2229 539 2292 contineat
552 2227 640 2309 juxta
651 2229 764 2310 grados
772 2249 871 2292 eornm
897 2231 1105 2313 genealogicus
1120 2231 1222 2296 distri·

223 2323 334 2390 butam.
351 2323 413 2408 Ope
440 2323 569 2404 ejusdem
592 2323 680 2386 Libri
712 2323 875 2388 Gradnolie
901 2325 1026 2387 conleeit
1046 2345 1122 2389 ennio
1136 2324 1223 2392 1728

223 2420 353 2484 Tabulas
367 2415 587 2500 chronologicas
598 2418 725 2482 historie
745 2415 901 2494 Rossieeae,
918 2437 991 2502 quas
1006 2419 1223 2504 aliquantulum

222 2524 370 2577 annectas
383 2513 550 2576 iosrnesuae
577 2509 760 2576 Narrationis
778 2511 815 2576 de
837 2523 918 2575 stetu
946 2510 1087 2577 Ecclesia·
1098 2513 1222 2577 Mosco·

221 2609 317 2674 vitieae
331 2608 370 2670 ad
383 2608 474 2671 instar
489 2606 658 2691 appendicis
674 2605 784 2688 adjecit·
795 2605 913 2670 llihere.

262 2701 335 2768 Inde·
346 2703 382 2765 ah
397 2719 472 2764 anno
486 2701 565 2764 rtet
584 2711 647 2764 eret
660 2697 826 2764 Grossinsa
847 2700 972 2765 seeretis
992 2699 1070 2785 apud
1085 2699 1217 2784 legatum

217 2793 1218 2874 Brnnsvieensenr,haronenrllrehm,ehiahOstermenoluerateom·

217 2892 381 2956 mendatus.
397 2891 506 2956 Verum
521 2889 1075 2975 insignehoeCaneellariipatroeiniom
1087 2889 1116 2952 in
1130 2908 1218 2954 cansa

217 2986 275 3049 suit
282 3004 334 3049 eur
343 2985 411 3049 vite
425 3003 484 3048 sua
500 2981 691 3047 miserandum
713 2985 799 3048 finem
826 2983 960 3047 hahuerit
983 2983 1132 3067 professor
1146 2997 1216 3048 eru-

219 3079 307 3160 ditus,
320 3091 354 3144 ut
364 3078 514 3142 Grossinnr
529 3090 616 3144 vocat
631 3079 747 3144 llibera.
760 3083 832 3142 Corn
862 3080 949 3156 enim,
974 3077 1098 3142 cadente
1113 3077 1216 3143 Oster-

218 3177 384 3259 mano‚ipse
399 3175 649 3260 qnoqueeriminis
662 3173 738 3238 lasa
748 3173 916 3256 majestatis
923 3172 1029 3236 luisset
1035 3171 1213 3256 inculpatos,

217 3281 338 3332 mortem
353 3269 408 3332 sihi
424 3269 501 3332 ultro
516 3269 626 3345 intulit,
640 3287 688 3332 an.
698 3267 792 3345 llll,
809 3278 843 3332 nt
853 3267 953 3350 judieii
964 3285 1119 3351 plenaeque
1132 3267 1216 3350 igno·

218 3361 496 3444 miniamellugeret.

259 3455 372 3522 Preter
383 3453 509 3520 Tabales
518 3454 745 3538 Chronolopieor
754 3454 841 3519 hodie
849 3473 970 3539 prorsus
980 3453 1216 3518 ahsotaasaon-

216 3553 315 3638 posuit
329 3551 420 3615 Gross
429 3549 832 3636 Institutioaespltilosophioe
854 3551 1022 3628 rationalis,
1043 3571 1092 3612 seo
1105 3551 1213 3636 loyieaet

215 3649 384 3732 inpressione
398 3645 549 3710 calasrani
572 3647 723 3732 praecipis
745 3644 886 3710 Arrtioelti
911 3644 1074 3712 Geneatae
1088 3649 1217 3711 emeti—
1264 3666 1266 3671 ·

210 3754 292 3829 pter,
305 3763 370 3830 quae
385 3743 480 3808 adhue
493 3754 611 3809 manent
620 3744 822 3828 manuscriptae
854 3753 886 3808 et
900 3741 1108 3808 verosimiliter
1119 3761 1220 3822 terreneh

213 3837 288 3902 hunt
301 3839 334 3900 in
347 3858 454 3904 aevum.

253 3931 299 3996 hol
308 3953 377 4018 pag.
393 3936 443 4009 73,
460 3933 514 3998 lin.
531 3933 579 4000 lh.
599 3933 634 3999 ln
648 3933 778 3999 editione
794 3931 953 4002 Viennensi
971 3952 1076 3999 nomen
1091 3934 1216 4001 infelieis
