3148 5132
791 640 957 704 ..10-

378 829 448 904 que
477 814 623 880 caeteros
654 805 904 900 suffraganeos.
939 804 1082 877 Habitus
1112 808 1163 882 sio
1188 829 1294 881 verus
1324 805 1370 880 ab

379 930 569 1026 Apostolis,
590 949 652 1023 per
667 929 821 1016 GraeooS‚
837 930 1045 1026 episcopalis
1062 933 1207 1027 gradus,
1231 947 1371 1002 succes-

380 1054 457 1128 sive
478 1061 705 1125 conservatur
726 1073 806 1124 oum
829 1053 1049 1127 sacerdotio:
1074 1056 1119 1127 ad
1136 1053 1372 1128 differentiam

380 1163 628 1238 haereticorum
648 1163 739 1235 inter
756 1163 911 1248 Latinos,
943 1165 1037 1260 apud
1054 1189 1156 1261 quos,
1180 1165 1321 1256 rejectis
1335 1163 1373 1232 in

380 1286 482 1358 initio
504 1283 688 1380 episcopis,
716 1285 830 1355 nullus
857 1295 1017 1357 servatur
1041 1287 1142 1360 ordo.
1174 1285 1374 1360 Possidetnr

380 1410 454 1497 hio,
470 1411 624 1504 inquam,
642 1430 662 1479 a
677 1407 859 1492 Ruthenis3
876 1407 958 1478 licet
972 1409 1007 1481 in
1020 1408 1214 1482 hierarchia
1240 1409 1373 1505 praela-

384 1543 514 1617 torum,
531 1531 567 1601 in
585 1529 810 1600 ecclesiarum
827 1528 962 1614 ordine,
978 1542 1013 1602 et
1031 1532 1067 1602 in
1086 1532 1262 1605 canonicis
1281 1529 1373 1624 juri-

386 1658 467 1744 bus,
485 1656 659 1728 novitates
672 1663 828 1746 seqnutae
841 1653 981 1724 fuerint.
993 1655 1091 1726 Nova
1105 1676 1254 1750 quaeque
1267 1654 1374 1726 domi-

387 1781 545 1852 nantium
563 1775 667 1848 sedes
689 1775 992 1869 metropolitanam
1008 1776 1158 1848 obtinuit
1176 1777 1372 1850 ecclesiam:

387 1905 472 1986 imo,
491 1899 676 1996 praecipuis
693 1899 771 1970 aliis
784 1897 929 1971 urbibus
946 1901 1178 1994 metropolitae
1201 1899 1372 1984 concessi,

387 2022 600 2094 nominaiem
627 2020 701 2091 fere
736 2020 953 2113 reliquerunt
983 2021 1145 2094 ecclesiae
1178 2021 1376 2093 Kioviensis

388 2146 589 2241 primatum,
612 2143 757 2214 limitata
775 2141 857 2212 huic
873 2141 1004 2214 ditione
1018 2145 1055 2215 in
1067 2141 1188 2217 Ruesia
1202 2127 1323 2240 parvass
1338 2146 1376 2216 in

389 2280 510 2365 quaet
528 2277 666 2340 erectus
684 2267 836 2339 Mosouae
855 2269 1123 2362 patriarchatus,
1143 2271 1235 2342 illius
1252 2280 1378 2343 aucto-

389 2396 527 2468 ritatem
545 2393 730 2466 minoravit
747 2415 818 2464 non
844 2393 1046 2480 modicum;
1075 2395 1208 2489 vixque
1236 2393 1378 2466 tandem

390 2518 527 2592 caeteris
541 2515 712 2612 episeopis
727 2536 797 2586 non
815 2516 983 2610 aequavit,
1003 2516 1239 2612 patriarchatu
1257 2517 1378 2588 extin-

390 2651 462 2725 cto,
475 2649 623 2733 sequuta
635 2636 807 2732 Synodus.
830 2638 1144 2726 Mutationesistas,
1157 2638 1285 2710 leviter
1298 2639 1376 2725 etsi,

391 2763 441 2834 sio
458 2761 589 2854 accipe.

443 2883 659 2958 Vtadimiriae
699 2883 797 2954 urbis
834 2881 1019 2956 aedificatio
1058 2885 1211 2960 Annales
1246 2882 1381 2958 Russiae

392 3010 577 3110 praecedit,
609 3029 697 3104 quos
722 3007 901 3080 viderim:
938 3008 1083 3105 ejusque
1116 3012 1244 3094 facturn
1277 3011 1380 3082 Prin-

392 3141 505 3234 cipem
540 3137 619 3228 lego
658 3154 748 3204 anno
785 3127 880 3204 t079
905 3133 1155 3223 Vsevolodum,
1191 3146 1381 3231 antequam

392 3259 530 3331 Kioviae
542 3257 706 3330 ducatum
719 3255 933 3350 adquireret.
947 3257 1101 3330 Mosouae
1117 3257 1267 3330 civitatis
1284 3258 1383 3330 initia

392 3383 555 3456 dicuntur
572 3404 593 3453 a
609 3377 1253 3476 GeorgiaVladimirovitohholgoruki
1276 3381 1383 3476 (Lon-

391 3506 543 3603 gimano]
572 3527 664 3578 anno
691 3503 786 3576 1119
810 3504 915 3597 Jacta.
937 3505 992 3577 Ex
1021 3505 1130 3601 hie,e
1155 3506 1279 3580 Kiovia
1295 3507 1381 3580 Via-

393 3633 567 3706 dimiriam
580 3631 818 3727 transferente
837 3631 952 3704 aulam
966 3628 1109 3704 Andrea
1131 3629 1287 3726 (Georgii
1296 3631 1381 3704 Dol-

391 3753 516 3850 goruki
541 3753 670 3826 certius
695 3751 792 3849 filio),
824 3775 917 3826 anno
947 3754 1056 3842 1158,
1083 3755 1141 3826 vel
1163 3754 1300 3827 circiter
1331 3754 1381 3848 (in

393 3889 558 3978 computu
574 3879 669 3950 enim
679 3899 851 3952 annorum
868 3898 938 3952 nno
948 3878 1061 3952 aliove
1070 3899 1127 3950 me
1136 3900 1205 3952 non
1212 3878 1380 3952 defecisse

393 4023 464 4076 non
477 4001 619 4099 dicam),
632 4001 768 4080 Kioviae
785 4003 930 4078 immota
954 4000 1101 4076 ecelesia
1121 4003 1248 4076 mansit
1269 4023 1381 4100 usqne
