3172 5130
786 651 826 661 —-
849 617 970 676 lit-

385 797 470 878 869,
490 795 646 877 restituto
661 794 810 884 ignatio,
834 794 867 862 in
881 792 1248 886 synnduuecumenica
1264 792 1379 884 (quam

385 936 449 985 nos
467 935 630 984 vocamus
648 917 843 1006 octavami:
871 916 932 985 sed
952 927 1090 984 mnrtnu
1120 911 1257 1004 Ignatio'
1281 935 1380 985 reas-

384 1049 555 1128 sumptus,
579 1039 622 1106 ita
640 1038 836 1128 praevaluit,
854 1050 889 1106 ut.
907 1037 1068 1128 (demptis
1086 1037 1206 1127 paucis
1232 1045 1378 1105 contra·

383 1160 592 1252 dicentibus)
609 1171 676 1229 tota
693 1163 765 1230 iere
780 1163 915 1232 Graecia
934 1147 1042 1252 usque
1059 1180 1151 1228 nunc
1167 1159 1258 1226 iilius
1273 1156 1377 1227 tidem

383 1293 503 1352 secuta
517 1256 631 1364 suerit,
650 1285 857 1374 interpolata
874 1285 1000 1353 unione
1014 1283 1192 1351 nobiscum
1208 1301 1378 1371 qnorum-

382 1405 462 1478 dam
479 1392 702 1498 praelatorum
717 1407 943 1498 aliorumque.
966 1409 1015 1474 Ex
1031 1406 1096 1474 alia
1114 1415 1209 1497 parte
1220 1401 1378 1474 videmus

381 1531 562 1602 liutherius
584 1533 684 1601 nanc
708 1532 882 1624 synodum
909 1533 981 1598 vttt
1007 1549 1074 1600 non
1099 1529 1295 1612 admittere,
1316 1531 1379 1599 de·

382 1666 567 1745 ponentem
590 1655 765 1736 Photium;
786 1677 904 1746 quam,
924 1655 989 1723 uisi
1010 1653 1119 1722 Photii
1136 1673 1253 1734 causa,
1267 1651 1375 1722 credo

381 1791 638 1846 venerarentur
667 1775 858 1861 nobiscum,
883 1778 983 1846 sicuti
1011 1789 1156 1846 caeteras
1183 1775 1217 1842 in
1243 1776 1376 1845 Graecia

381 1897 534 1970 habitas.

434 2049 452 2082 «
471 2022 610 2091 Resolvi
627 2023 708 2092 inde
727 2045 795 2093 nou
819 2035 932 2114 posset
951 2023 1083 2114 (ntique
1101 2020 1216 2089 timeri
1235 2023 1281 2091 ad
1299 2022 1372 2090 uri-

379 2147 468 2237 nas),
491 2147 667 2216 Ruthenos
678 2146 748 2236 jam
765 2147 799 2215 in
819 2145 1017 2238 primordiis
1037 2145 1207 2235 recepisse
1237 2145 1374 2215 ductri-

380 2288 443 2337 nas
476 2279 509 2336 et
538 2269 677 2338 codices
702 2267 854 2350 vitiatus,
876 2269 1001 2359 quibus
1027 2266 1137 2336 Graeci
1158 2267 1202 2335 ab
1222 2267 1377 2337 Ecclesia

377 2390 530 2460 Romana
559 2391 662 2459 divisi
694 2391 871 2462 Ruthenus
896 2391 940 2460 ad
968 2411 1005 2459 se
1027 2389 1218 2458 traherent.
1254 2392 1372 2480 itaque

376 2514 450 2607 (pru
469 2526 571 2604 nunc)
598 2535 665 2583 non
689 2512 827 2598 decido,
854 2513 945 2581 inter
963 2512 1189 2582 Possevinum
1213 2525 1364 2580 conten-
1384 2603 1388 2608 Ι

379 2637 520 2707 dentem
540 2637 716 2707 Ruthenos
743 2658 932 2707 conuersos
948 2657 967 2704 a
981 2635 1117 2706 Graecis
1130 2637 1179 2727 (ut
1198 2639 1374 2731 vocamus]

378 2761 618 2839 schismaticis,
632 2774 666 2828 et
684 2758 956 2850 Papebrochinm
973 2759 1121 2851 (praeiat.
1139 2758 1182 2828 ad
1201 2758 1372 2850 tipheme-

378 2881 471 2953 rides
493 2861 811 2974 Graeco·Russicas)
831 2895 1044 2952 asserentem
1074 2903 1259 2953 conversos
1288 2885 1373 2956 istos

340 3029 343 3036 ·
377 3018 534 3099 tempore
554 3007 690 3075 unionis
715 3007 882 3076 Ecclesiae
912 3009 1045 3077 Latinae
1079 3029 1157 3075 cum
1176 3007 1310 3084 Graeca,
1332 3019 1371 3076 ut

376 3129 458 3200 iude
488 3129 611 3221 probet
643 3131 758 3222 piures
782 3133 926 3200 Sanctcs
948 3152 1035 3222 (raus
1067 3130 1159 3199 iliius
1188 3133 1256 3200 aevt
1287 3127 1370 3200 colit

375 3253 496 3323 Russia
533 3272 608 3321 esse
638 3253 877 3322 abcmnibus
925 3251 1154 3322 venerandos.
1203 3251 1367 3321 Videatur

375 3397 490 3448 meum
541 3397 743 3468 responsum
800 3377 1125 3469 Antapoiogeticnm
1178 3373 1273 3467 (sect.
1331 3378 1367 3455 t,

373 3525 470 3572 num.
490 3498 512 3572 7
520 3558 527 3582 ‚
547 3523 624 3594 pag.
636 3505 668 3572 ’8
685 3501 788 3594 seq),
803 3503 835 3570 in
851 3523 922 3594 quo
937 3501 1113 3593 duplicem
1128 3502 1367 3572 Ruthenornm

377 3623 644 3694 conversionem
677 3623 808 3694 adduxi
844 3624 1059 3717 temporibus
1096 3623 1274 3715 utriusque
1303 3626 1371 3694 Ba-

373 3746 438 3818 silii
465 3748 480 3818 Ι
500 3759 534 3816 et
553 3747 605 3832 II;
630 3747 687 3817 ubi
709 3750 772 3818 etsi
810 3769 876 3816 nun
897 3748 1079 3818 Photianos
1107 3747 1243 3816 Graecus
1266 3747 1372 3818 fuisse

373 3870 582 3958 conjecerim
598 3872 719 3941 missos
735 3873 769 3939 in
785 3869 937 3942 Russiam
956 3891 975 3938 a
996 3870 1122 3939 Basilio
1133 3869 1148 3938 1
1159 3869 1366 3953 diacedone3

374 4004 488 4063 tanren
507 4015 572 4064 nec
588 3993 632 4064 de
652 3995 715 4077 his,
735 4015 798 4064 nec
827 3995 872 4065 de
898 3993 1009 4063 aliisa
1029 3993 1154 4063 Basilio
1169 3993 1203 4062 II
1223 3993 1256 4060 in
1276 3993 1365 4064 Rus-
