3124 5126
617 603 801 667 -181-

217 793 325 874 Quam
343 791 510 861 unitatem
531 789 564 857 in
588 789 661 858 solo
675 787 741 856 hoo
758 787 826 854 ritu
843 793 902 854 aul
920 783 994 852 aliis
1009 802 1094 874 pure
1122 779 1204 850 rili-

217 913 295 998 bus,
311 917 339 986 si
368 917 414 994 ila
435 913 519 982 dicti
540 911 732 983 Raslrolnici
763 931 824 980 seu
856 907 1062 978 dissidentes
1095 907 1203 976 nostri

214 1042 364 1112 Rutheni
395 1033 619 1131 perlinaciter
652 1058 720 1107 non
739 1045 933 1118 servarent,
963 1033 1078 1103 adhuc
1108 1032 1207 1119 dam?

214 1165 323 1235 nandi
333 1173 447 1233 essent
458 1163 537 1252 jure
551 1161 595 1230 ab
613 1161 779 1243 Ecclesia,
800 1170 962 1250 tanquam
976 1156 1201 1240 schismatici,

214 1306 283 1378 quo
302 1287 439 1352 nomine
458 1297 491 1352 et
525 1283 785 1374 insigniuntur:
816 1283 1010 1350 Racholnilr
1030 1282 1122 1346 enim
1155 1279 1205 1347 nil

214 1407 309 1478 aliud
325 1419 422 1476 sonat
439 1428 543 1498 quam
560 1405 828 1474 schismaticum.
850 1405 937 1487 Quia
956 1423 1038 1470 vero
1057 1422 1075 1469 a
1091 1405 1205 1494 perti-

214 1530 312 1598 nacia
326 1529 369 1598 ad
389 1507 649 1598 heter·odo{riam
676 1527 976 1618 etulasphemiam
1004 1525 1203 1609 descende-

214 1664 320 1722 runt:
338 1653 461 1744 primo,
483 1651 677 1735 slaluendo,
700 1651 911 1720 efformatam
931 1672 951 1718 a
968 1649 1039 1718 suis
1059 1669 1198 1718 crucem

215 1777 347 1869 pollice,
367 1776 528 1844 annulari
560 1785 593 1842 et
623 1775 809 1844 auriculari
827 1773 943 1864 digitis
967 1795 1044 1842 esse
1071 1774 1199 1865 dogma

214 1895 309 1982 fidei,
327 1913 360 1966 et
378 1899 477 1966 aliter
505 1899 683 1968 formatam
711 1897 754 1966 ab
784 1879 988 1967 orthodoxis
1004 1897 1198 1967 chrislianis

214 2031 339 2090 vocant
362 2021 556 2112 blasphemi
575 2021 727 2112 sigillum
752 2019 990 2088 Anti-Christi.
1014 2019 1186 2101 Secundo,

212 2144 293 2234 quia
316 2155 484 2235 'tauquam
515 2147 698 2215 siliculum
735 2143 815 2215 fidei
842 2144 1039 2228 venditant,
1060 2167 1200 2214 crucem

212 2269 335 2338 Christi
356 2271 489 2338 Domini
512 2271 616 2339 fuisse
636 2271 912 2360 octangolarem,
934 2269 1051 2351 idest,
1070 2280 1198 2360 praeter

212 2391 391 2482 oliliquum
411 2406 444 2460 et
466 2405 596 2459 rectum
616 2393 761 2482 liguum,
782 2390 850 2460 duo
865 2391 929 2458 alia
950 2391 1042 2480 ligna
1063 2413 1124 2481 pro
1151 2398 1198 2462 u-
1243 2431 1250 2449 ·

212 2515 285 2583 tulo
304 2525 338 2581 et
355 2515 505 2582 scabello
530 2512 669 2604 obliqua
692 2513 811 2580 itidem
839 2513 1011 2595 habuisse,
1029 2537 1097 2583 non
1117 2515 1197 2606 opi-

212 2646 352 2717 nantur,
373 2637 435 2704 sed
465 2649 644 2720 statuunt3
665 2648 821 2706 econtra
848 2643 985 2706 crucem
1016 2640 1197 2730 quadran-

119 2835 121 2840 ,
193 2759 364 2858 'gularem
410 2781 455 2827 ex
498 2782 715 2851 quacumque
768 2761 914 2830 materia
964 2763 1192 2849 efformatam,

211 2882 350 2972 pictam,
371 2882 525 2966 incisam,
544 2880 712 2974 sculptam
728 2895 788 2952 aul
820 2885 1033 2976 impressam,
1055 2909 1195 2958 crucem

210 3005 351 3078 latinam
371 3028 410 3074 ao
433 3007 632 3076 haereticam
651 2997 865 3076 blaterantur
884 3007 1084 3099 (Ecclesiae
1114 3033 1195 3082 con-

212 3135 264 3194 tra
284 3140 464 3218 utramque
493 3150 631 3198 crucem
660 3129 895 3223 admittente);
924 3145 1028 3226 atque
1055 3107 1196 3228 propter

212 3247 373 3317 usitatum
389 3250 459 3338 J‘am
477 3249 616 3320 modum
632 3225 843 3322 adhibendae
857 3255 968 3325 crucis
988 3257 1024 3326 in
1038 3259 1197 3330 celebra-

214 3369 308 3440 tione
323 3385 616 3443 sacramentorum
635 3393 655 3442 a
673 3377 799 3445 uostris
815 3377 994 3460 ministris,
1017 3381 1109 3473 ipsos
1127 3383 1198 3450 mi-

215 3495 354 3577 nistros,
373 3495 585 3581 sacerdotes,
606 3509 823 3570 sacramenta
837 3511 872 3570 et
884 3501 1115 3574 hierarchiam
1134 3527 1190 3577 ec·

192 3606 440 3688 'clesiaslicam
472 3620 646 3708 rejiciunt,
662 3641 702 3693 ao
732 3620 930 3710 horrendis
950 3623 1013 3695 sed
1044 3625 1200 3701 ridendis

209 3737 366 3812 dicteriis
397 3744 623 3837 proscindunt
655 3755 690 3816 et
718 3749 940 3824 cavillantur.
969 3751 1199 3846 Tertio,quia
1243 3749 1246 3756 ’

208 3863 317 3938 libros
347 3867 609 3968 ecclesiasticos,
638 3870 789 3956 ritualia,
823 3875 1017 3968 menologia
1050 3885 1086 3948 et
1112 3878 1201 3950 reli--

210 4007 297 4079 quos
323 3987 357 4058 in
391 3989 546 4064 ecclesiis
574 4002 747 4088 receptos,
783 4005 924 4092 propter
962 3997 1198 4092 ignorantiam,
