3148 5132
244 869 436 940 Litterarum
473 873 652 942 rudimenta
683 876 831 944 didicisse
864 878 988 946 videtur
1016 879 1050 947 in
1084 881 1193 948 eadem

203 991 330 1058 civitate
360 991 601 1068 Barcinonensi;
634 993 742 1061 schola
774 995 892 1078 temen,
919 1015 1013 1082 qnam
1042 975 1072 1064 ei
1099 1015 1194 1082 puero

202 1114 430 1198 praeparauerat
440 1114 551 1198 patria,
567 1115 630 1182 fuit
645 1117 728 1183 certo
742 1117 858 1185 certius
873 1119 936 1188 alia
950 1139 1045 1206 quam
1059 1119 1190 1187 Petrum

202 1233 368 1302 Societatis
389 1235 466 1303 Jesu
477 1235 530 1320 (1).
555 1235 687 1304 iuvenis
701 1237 752 1304 aix
774 1256 870 1306 annos
889 1240 1068 1324 quindecim
1091 1243 1194 1321 natus,

199 1354 309 1421 Ordini
319 1355 563 1425 Praedicatornm
577 1377 689 1426 nomen
701 1359 799 1440 dedit,
816 1377 982 1448 sacrasque
1008 1363 1193 1446 disciplinas

198 1482 315 1550 ibidem
341 1482 481 1565 edoctus,
498 1483 571 1552 aliis
592 1483 736 1570 deinceps
759 1484 892 1556 tradidit
918 1489 990 1556 tum
1013 1488 1047 1555 in
1074 1487 1193 1557 scholis

199 1604 345 1692 publicis,
359 1605 428 1670 tum
450 1625 467 1672 e
487 1623 573 1673 sacro
586 1605 718 1691 pulpito,
742 1607 887 1692 Angelici
910 1607 1053 1676 Doctoris
1076 1607 1195 1694 placita

200 1723 364 1790 defendere
377 1743 499 1808 semper
514 1744 550 1792 ac
561 1743 755 1812 propugnare
769 1728 998 1810 paratissimus,
1010 1723 1176 1811 interposit
1191 1734 1193 1738 ’

202 1846 298 1914 etiam
314 1845 501 1912 sacramenti
511 1845 572 1912 fide
584 1845 669 1930 (Leo.
682 1845 758 1930 cit).
773 1845 879 1932 Hujus
893 1845 1062 1913 Summam
1074 1846 1196 1914 theolo-

202 1966 338 2052 logicam
349 1965 573 2050 interpretatus
589 1965 685 2032 estin
700 1963 915 2032 Universitate
930 1963 1124 2032 Ceruariensi
1141 1981 1196 2049 per

202 2101 297 2151 annos
312 2085 387 2164 tres,
398 2083 475 2151 lieet
487 2103 548 2150 non
569 2084 790 2167 cessariensis,
802 2085 856 2152 sed
871 2085 1111 2154 Barcinonensis
1127 2103 1196 2152 mo-

204 2205 326 2272 derator
344 2204 377 2271 in
390 2203 497 2288 regiis,
515 2221 592 2288 quas
611 2206 781 2289 acceperat,
798 2204 916 2272 littaris
931 2203 1121 2272 nominatus.
1139 2205 1197 2270 Eat

204 2328 311 2393 nutem
342 2325 486 2394 Cervaria
510 2325 703 2393 Catalauniae
730 2327 816 2408 urbs,
841 2327 993 2410 inquam
1022 2325 1196 2394 Barcinono

205 2447 357 2514 translata
367 2447 470 2514 fuerat
479 2445 639 2514 academia
649 2465 728 2513 anno
744 2445 835 2529 1717,
846 2446 886 2513 ad
896 2445 1042 2531 politicas
1052 2444 1197 2512 vitandas

206 2575 323 2656 turbas,
336 2573 450 2657 quibus
464 2572 592 2654 antiqua
606 2569 757 2636 Faventia
771 2570 829 2652 (ita
845 2587 980 2654 namque
994 2569 1200 2638 Barcinonem

206 2697 359 2764 vocabant
372 2695 449 2760 olim
469 2691 617 2792 Romani)
628 2692 693 2758 erat
709 2688 900 2774 temporibus
914 2688 982 2754 illis
1000 2707 1079 2773 saepe
1093 2688 1198 2774 gravi·

209 2817 466 2904 terqueobnoxia.
1296 2905 1301 2922 Ι

247 2925 477 2992 Turbationum
501 2923 636 2989 istarum
667 2921 782 2986 testem
811 2918 968 2986 exst'tisse
994 2919 1031 2984 P.
1050 2919 1200 2986 Ribenam

209 3047 360 3132 conjicere
375 3045 452 3110 licet
465 3043 515 3109 vel
529 3061 566 3108 ex
583 3042 633 3122 iis,
647 3059 714 3124 quae
735 3039 905 3106 Barcinone
920 3056 998 3105 anno
1016 3037 1096 3103 1715
1111 3037 1197 3105 acci-

210 3169 294 3235 disse
308 3169 434 3244 narnat3
457 3162 617 3230 oculatum
629 3179 739 3246 nempe
756 3178 789 3226 se
807 3160 906 3225 fuisse
922 3151 1042 3225 testem
1053 3159 1199 3244 capitalis

208 3307 307 3374 poenae
321 3288 354 3353 in
369 3285 535 3371 quomdam
557 3281 782 3349 subdiaconum
797 3281 881 3362 latae,
901 3280 1026 3346 nomine
1039 3279 1200 3364 Rapmun·

148 3409 150 3413 ’
211 3419 288 3484 dum
303 3414 412 3499 Moga;
427 3411 481 3496 qui
505 3408 629 3494 publico
657 3404 873 3491 strangulatus
894 3404 953 3485 est,
966 3404 1200 3488 postquamtri·

212 3534 392 3604 busdiebus
406 3533 498 3598 antea
512 3529 645 3596 fuerata
666 3526 789 3611 proprio
809 3523 1006 3611 Urgelleneis
1028 3523 1112 3591 sedis
1135 3525 1202 3608 epi·

212 3673 303 3741 scopo
316 3653 378 3719 rite
392 3650 592 3734 degradatus.

253 3779 283 3844 7.
307 3777 483 3860 Antequam
504 3772 538 3839 in
564 3769 711 3838 Russiam
735 3767 992 3855 proficisceretur,
1017 3765 1203 3853 Hispaniam

245 4039 283 4109 (1)
293 4039 375 4108 Reep.
388 4033 565 4106 Antaeum,
577 4033 640 4091 sect
651 4031 673 4100 1,
685 4046 712 4088 n.
724 4030 766 4088 22.
