3148 5132
845 677 990 740 ..8-

470 843 679 938 Expugnata
704 841 842 928 Kiovia,
875 843 1113 914 Ruthenorum
1132 841 1413 919 meridionalium

420 966 619 1062 metropoli,
633 966 668 1035 in
679 962 749 1036 fine
766 965 885 1037 saeculi
898 965 945 1035 lX
960 985 1023 1058 per
1037 963 1196 1058 Olegum,
1209 975 1358 1038 tutorem
1371 990 1414 1042 ac

418 1082 503 1160 balli
515 1087 641 1160 ducem
661 1087 769 1179 lgoris
784 1086 1029 1172 adolescentis,
1062 1085 1296 1178 Novogorodii
1310 1089 1413 1162 Ducis

418 1213 455 1284 in
472 1211 595 1285 Russia
611 1210 890 1304 septentrionali,
908 1209 1008 1302 quasi
1016 1230 1139 1281 aurora
1165 1208 1247 1282 lidei
1261 1212 1411 1284 radiavit

417 1344 498 1410 ante
512 1336 649 1430 plenam
660 1332 1068 1426 lucem'Urortitpdidem
1080 1333 1202 1426 lgoris,
1218 1336 1410 1430 Olgama-
1458 1426 1465 1442 .

417 1470 473 1533 ter
498 1469 534 1531 et
563 1459 663 1529 initio
686 1457 796 1527 tutrix
823 1453 1021 1541 Sviatoslai‚
1041 1457 1114 1528 lere
1131 1457 1248 1530 medio
1276 1463 1407 1535 saeuulo

415 1579 803 1673 X,Constantinopolim
819 1581 985 1673 prosecta,
1003 1599 1081 1650 cum
1095 1579 1268 1672 baptismo
1278 1605 1406 1659 nomen

414 1704 561 1776 Helenae
590 1700 762 1794 sumpsit:
786 1699 848 1771 sed
870 1699 935 1772 hac
952 1701 1079 1773 frustra
1102 1700 1330 1777 adlaborante
1343 1727 1407 1800 pro

415 1822 644 1896 conversione
668 1819 746 1907 filii,
773 1823 810 1892 in
831 1823 959 1917 populo
999 1823 1063 1894 vix
1090 1822 1178 1894 ullus
1203 1828 1406 1920 exemplum

414 1947 560 2018 Helenae
572 1953 740 2037 sequutus
756 1945 830 2027 luit,
850 1945 916 2016 sub
931 1943 1069 2016 duobus
1093 1945 1242 2017 ducibus
1269 1947 1404 2020 Sviato·

414 2070 502 2156 sla0‚
522 2067 695 2160 hujusque
723 2066 796 2138 filio
811 2069 1005 2161 lanopolco.
1036 2069 1145 2160 Hujus
1167 2069 1275 2140 frater
1291 2073 1404 2144 vtadi-
1512 2136 1514 2144 .

414 2197 526 2272 mirus
535 2192 667 2265 occisor
680 2191 851 2285 Jaropolci
861 2192 1052 2273 fratricidae
1064 2193 1177 2286 Olegi,
1191 2216 1301 2289 nepos
1311 2196 1405 2290 013ae

413 2342 478 2394 seu
495 2319 653 2400 Helenae,
673 2313 718 2385 ad
732 2313 837 2386 fidem
851 2315 978 2386 Christi
997 2314 1172 2401 inductus,
1194 2339 1286 2391 anno
1302 2320 1404 2392 circi-

413 2455 470 2517 ter
495 2443 580 2524 990,
605 2448 777 2532 nupturus
805 2439 932 2523 Annae,
964 2438 1075 2518 sorori
1093 2439 1212 2510 Basilii
1244 2442 1287 2528 ll,
1321 2441 1404 2518 filiae

413 2564 560 2640 Romani
572 2563 598 2646 Ι,
623 2563 873 2656 lmperatorum
887 2561 1047 2647 Graeciae,
1067 2561 1195 2633 nedum
1210 2585 1231 2633 a
1245 2565 1331 2635 sein
1344 2564 1404 2638 ba·

413 2689 541 2784 ptismo
553 2697 678 2757 vocato
694 2685 831 2768 Basilio,
852 2683 916 2754 sed
934 2705 954 2754 a
972 2694 1045 2754 toto
1060 2684 1187 2778 populo
1204 2683 1309 2756 fidem
1323 2709 1403 2758 am-

412 2805 624 2906 plexandam
641 2805 767 2898 elegit,
791 2804 954 2899 projectis
971 2805 1005 2873 in
1024 2805 1261 2877 Boristhenem
1279 2805 1400 2900 idolis:

411 2933 492 3005 latis
509 2931 545 3002 in
562 2929 648 3002 duro
662 2929 790 3024 populo
799 2926 947 3019 legibus,
961 2938 1000 2998 ut
1014 2929 1079 2999 nisi
1089 2931 1244 3022 graviter
1257 2933 1403 3025 punien-

411 3055 492 3140 dus,
516 3053 707 3148 sepulturae
732 3050 873 3122 tradere
891 3051 1019 3122 mortui
1037 3073 1105 3123 non
1123 3051 1302 3125 christiani
1324 3077 1403 3127 uor-

410 3199 491 3274 pus,
510 3176 656 3248 auderet
670 3195 790 3260 nemo,
807 3173 868 3246 sed
882 3173 1054 3245 cadavera
1068 3197 1137 3246 non
1151 3175 1403 3272 baptizatorum

410 3303 495 3376 feris
510 3301 669 3397 exposita
686 3300 978 3393 relinquerentur.
998 3299 1098 3372 Unde
1115 3301 1303 3396 permansit
1327 3324 1403 3375 mos

396 3421 608 3520 ¹apponendi
644 3421 833 3494 humandis
863 3423 1068 3516 corporibus
1094 3444 1199 3507 verae,
1222 3422 1402 3495 fidelitatis

412 3545 696 3641 chirographum,
715 3545 760 3617 de
787 3567 856 3638 quo
884 3558 1002 3639 postea
1027 3547 1087 3642 (l).
1110 3547 1173 3633 lta,
1191 3547 1286 3618 nulla
1302 3546 1338 3620 vi
1362 3553 1402 3618 ut

410 3668 670 3765 baptizarentur
683 3669 856 3755 viventes,
875 3668 937 3740 sed
955 3670 1132 3764 prohibita
1149 3669 1328 3765 sepultura
1346 3672 1400 3743 in-

412 3791 587 3879 fidelibus,
598 3792 746 3886 populus
758 3799 849 3862 totus
866 3811 1068 3880 conversus,
1083 3803 1241 3868 extensae
1255 3794 1292 3866 in
1308 3799 1399 3871 Rus-

449 4046 491 4126 (ι)
503 4047 561 4107 cri.
576 4047 643 4121 cap.
657 4045 748 4102 xxn.
