3124 5126
605 639 790 704 -103-

207 780 323 914 gendo
335 819 542 906 notaverim,
555 819 668 912 potins
684 821 914 911 ignorantiam
925 846 1028 918 quam
1039 846 1199 900 errorem

206 941 403 1011 dixerim...
423 941 466 1012 Ut
480 939 621 1010 addocti
638 962 776 1012 errores
796 947 934 1035 purgati
955 969 1056 1018 unam
1078 950 1196 1020 Eccle-

205 1062 291 1133 siam
315 1040 517 1145 redderent,
544 1064 635 1133 uttra
659 1085 790 1156 preces,
819 1069 863 1133 nit
895 1069 1009 1142 minus
1030 1072 1195 1145 offerrem

204 1205 309 1278 quam
332 1186 548 1276 sanguinem.
577 1187 706 1256 Primos
735 1189 897 1259 Ecctesrae
916 1191 1008 1263 iltius
1034 1197 1195 1286 praetatos

205 1305 325 1376 audivi
339 1306 554 1397 frequentem
574 1328 618 1376 ex
639 1308 782 1378 vocibus
801 1313 905 1382 corda
926 1315 988 1384 vin
1005 1337 1073 1386 non
1095 1318 1191 1388 novi.

207 1432 371 1501 Duriores
381 1432 472 1502 Deos
489 1434 652 1517 emolliat3
674 1435 879 1507 sinceriores
896 1443 969 1533 ipse
983 1445 1106 1513 metius
1124 1443 1193 1514 dis·

203 1563 321 1647 ponat.
359 1557 486 1624 Forsan
508 1555 552 1624 ad
575 1576 695 1626 eorum
722 1580 843 1654 manns
880 1564 956 1636 haec
983 1567 1188 1650 devenient;

201 1676 296 1768 quod
319 1695 404 1766 ergo
430 1675 566 1746 cuidam
593 1699 637 1747 ex
663 1681 747 1771 ipsis
771 1688 930 1772 prrvatim
960 1692 1184 1782 scripseram,
1299 1734 1301 1738 .

201 1801 335 1870 cunctis
354 1800 510 1902 ruthenis
532 1801 684 1892 praelatis
700 1802 754 1870 hic
771 1808 886 1876 otuter
905 1827 1070 1906 repetam.

574 2115 815 2138 m

560 2349 825 2440 carun-xxo

372 2561 567 2636 Exhortatio
590 2564 632 2636 ut
654 2563 813 2636 ruthenos
834 2524 1005 2655 prolatos.

244 2794 342 2864 Esset
361 2795 531 2866 intervos
558 2799 704 2884 utinam,
730 2797 953 2865 ittustrissimi
975 2807 1010 2865 et
1029 2816 1182 2866 venera-

192 2911 282 2985 biles
295 2917 374 3002 viri,
393 2917 666 3012 sapientissimos,
692 2941 760 2988 non
798 2942 899 3002 unus,
918 2915 1077 2986 Beseleel!
1091 2917 1177 3000 Sibi,

189 3039 220 3106 si
248 3056 360 3131 capax
386 3061 510 3126 essem,
539 3065 603 3114 nec
626 3043 914 3132 sotosjoogerer
934 3039 1037 3108 socius
1068 3035 1181 3108 Ooliob

190 3161 314 3254 (Exod.
336 3163 464 3236 XXXV
485 3176 519 3236 et
540 3167 726 3256 xxxva),
746 3179 783 3233 ut
806 3163 1067 3234 tabernaculum
1083 3162 1180 3232 initae

188 3282 355 3354 Ecclesiae
397 3287 530 3359 Christo
557 3288 834 3380 disponeremus,
874 3305 994 3354 omnes
1039 3284 1179 3376 capiens

187 3405 407 3478 christianos.
430 3411 564 3482 Vannm
588 3411 679 3480 hunc
693 3411 846 3478 laborem
864 3418 1020 3476 nostrum
1046 3405 1174 3492 dicam,

187 3529 252 3598 nisi
262 3530 351 3600 Deos
360 3530 513 3603 aediticet
530 3534 629 3626 (Psat.
651 3533 764 3626 titt
783 3529 1104 3614 fructuosissimum,
1121 3527 1177 3597 illo

186 3675 243 3720 uos
260 3651 455 3747 confortante
472 3655 508 3724 r'o
523 3656 705 3752 quaomnia
718 3677 889 3750 possumus
902 3652 1036 3744 (Philip.
1052 3637 1115 3733 1v,'t
1126 3652 1171 3742 3).

186 3751 416 3846 Confessionis
439 3790 568 3851 vestrae
594 3781 758 3852 Ecctestae
784 3777 932 3869 exposui
958 3775 1176 3865 dogmatos

186 3897 392 3970 Lutheranis
422 3901 625 3988 deridendis
643 3899 1106 3982 seductionibus'servanda
1127 3901 1174 3970 ab

186 4021 388 4092 eorumdem
403 4023 438 4092 in
457 4045 519 4094 vos
537 4023 807 4096 detractionibus
823 4021 1012 4106 vindicata,
1034 4041 1055 4090 a
1081 4020 1173 4114 pho-
