3124 5126
821 627 985 689 ..90-

407 792 647 886 Hierosolyma
664 803 765 884 capta
785 813 927 864 crucem
941 793 1068 866 Christi
1085 805 1263 890 acceptam
1278 817 1403 892 aspor-

407 921 543 984 taverat
572 915 608 983 in
637 914 807 998 Persiam,
838 936 892 1000 se,
920 921 950 986 si
974 914 1067 986 hunc
1097 918 1267 1002 vinceret,
1300 919 1404 991 adla-

406 1031 623 1120 boraturum,
653 1051 690 1107 ut
711 1037 845 1129 jejunia
871 1036 1086 1108 adderentur
1116 1039 1400 1133 quadragesimae

405 1159 637 1254 complendae,
658 1184 739 1254 quae
757 1161 873 1232 Graeci
886 1137 1110 1232 emittebant.
1131 1163 1222 1234 Vicit
1239 1165 1401 1257 plenissi-

404 1305 473 1368 me,
505 1285 696 1355 interfectis
722 1285 875 1358 Chosroa
901 1285 1047 1377 ejusque
1073 1283 1168 1369 filio;
1206 1287 1402 1356 restituen-

402 1405 517 1498 daque
533 1428 648 1490 cruce,
662 1417 696 1476 et
709 1407 964 1501 Hierosolymae
977 1407 1044 1476 sibi
1062 1406 1210 1479 redditas
1224 1409 1399 1479 collocan-

403 1528 448 1600 da
479 1529 585 1621 lunda
619 1532 746 1600 festum
780 1529 1002 1600 exaltationis
1033 1531 1068 1599 S.
1104 1531 1222 1601 Crucis
1255 1531 1393 1624 oritur),
1497 1543 1503 1558 '

401 1671 522 1744 pacem
558 1673 638 1723 cum
666 1651 780 1739 Persis
809 1651 990 1721 conclusit.
1023 1651 1103 1724 Voti
1130 1673 1277 1736 memor,
1311 1651 1397 1723 illud

401 1773 586 1869 adimpleri
602 1777 647 1846 ab
674 1777 830 1848 Ecclesia
857 1775 1048 1869 quaesivit3
1081 1796 1176 1868 quae,
1207 1786 1241 1846 et
1264 1778 1335 1847 Deo
1353 1775 1398 1847 oh

399 1897 583 1970 victoriam
614 1911 715 1992 grata
755 1911 789 1971 et
824 1897 1130 1992 quadragesimam
1168 1901 1394 1993 perfectura,

402 2023 506 2093 aliam
522 2022 778 2095 hebdomadam
800 2020 1031 2114 jejunandam
1057 2021 1186 2093 indixit
1200 2049 1208 2107 ;
1224 2023 1395 2114 jejunium

398 2153 514 2216 tamen
539 2149 640 2216 aliter
670 2146 809 2232 statuit,
826 2143 1090 2228 semilestivum,
1115 2155 1154 2215 ut
1179 2145 1394 2216 recoleretur

398 2269 559 2354 victoria,
597 2270 693 2364 quod
725 2270 788 2340 vix
824 2289 895 2338 non
926 2268 1063 2338 transiit
1094 2269 1130 2339 in
1165 2271 1393 2363 carnisprivia

397 2387 636 2464 bacchanalia.
1370 2383 1372 2387 ’

447 2515 565 2586 Dicam
588 2516 681 2608 quod
703 2517 738 2586 in
762 2515 887 2588 Russia
909 2516 1073 2603 viderim,
1099 2535 1181 2607 quae
1212 2535 1290 2584 cum
1309 2514 1391 2605 lege

396 2637 523 2709 Christi
556 2650 633 2734 post
649 2641 779 2712 saecula
805 2650 955 2734 quatuor
971 2661 1106 2710 morem
1123 2637 1219 2709 hunc
1238 2641 1389 2729 sumpsit

394 2779 415 2829 a
433 2759 580 2832 Graecia.
604 2764 776 2833 Statntum
794 2764 871 2849 luit,
892 2759 1291 2833 utintotahebdomada
1309 2779 1390 2828 me—

396 2882 489 2956 diate
514 2887 734 2958 antecedenti
760 2887 853 2980 (quae
883 2886 984 2956 nobis
1010 2895 1063 2957 est
1091 2883 1388 2978 septuagesimae),

394 3026 517 3079 carnes
532 3019 647 3081 essent
658 3009 856 3104 prohibitae,
869 3017 1095 3081 servarentur
1108 3017 1226 3078 tamen
1237 3003 1282 3074 ad
1292 3025 1390 3074 esum

391 3126 564 3202 lacticinia
586 3159 593 3200 :
614 3131 765 3224 indeque
786 3139 931 3202 vocatur
949 3151 969 3199 a
986 3127 1153 3202 Ruthenis
1172 3123 1388 3206 Moslooitzo,

394 3250 498 3322 idest
514 3251 813 3347 buryracea.l1aec
829 3252 1020 3344 talilaetitia
1035 3273 1055 3322 a
1070 3249 1172 3344 plebe
1185 3249 1336 3332 ducitur,
1350 3257 1389 3317 ut

392 3375 542 3468 populus
572 3375 720 3462 choreis,
747 3376 924 3461 cursibus,
953 3385 1071 3458 cantu,
1098 3373 1163 3444 vix
1188 3393 1260 3442 non
1285 3389 1388 3441 com-

391 3501 488 3570 muni
504 3499 686 3586 ebrietate,
703 3501 848 3593 aliisque
864 3499 997 3572 vitiosis
1024 3497 1240 3580 excessibus,
1271 3495 1387 3567 vitan-

392 3622 558 3694 dumlere
572 3627 720 3719 pervias
736 3625 1032 3695 laciatcommune
1050 3619 1258 3714 tripudium,
1271 3620 1388 3713 potius

389 3742 618 3819 bacchanalia
646 3747 856 3832 vocandum,
886 3767 991 3840 quam
1019 3744 1131 3818 sancti
1154 3743 1284 3835 jejunii
1314 3742 1387 3810 ini-

392 3867 490 3940 tium.
524 3870 706 3941 Prohiberi
724 3871 872 3964 positive
895 3869 1084 3962 jejunium,
1114 3866 1258 3966 addam,
1289 3862 1386 3957 apud
1414 3901 1417 3907 ·

390 3989 580 4076 Rutbenos,
596 3991 683 4064 sicut
701 3992 794 4087 apud
809 3992 948 4064 Graecos
965 3989 1113 4084 :primo,
1130 3988 1226 4058 omni
1239 3987 1387 4058 sabbato

389 4125 518 4208 praeter
528 4115 992 4207 sanctum,imojejunantes
1002 4111 1142 4184 Latinos
1155 4108 1386 4200 communiter
