3172 5130
797 651 986 717 *184-

390 945 394 959 ,
440 870 565 939 Oratio
586 867 808 937 absolutoria
834 874 869 936 et
897 867 1147 946 ealodiotmia,
1175 867 1335 936 absoluto

517 977 626 1058 jorata
639 975 754 1042 ritum
770 994 882 1061 super
895 975 1108 1060 defunctam
1119 974 1243 1060 officio.

434 1191 595 1288 (Legitur
620 1190 665 1263 ab
690 1190 941 1286 archipresule
970 1191 1028 1263 vei
1049 1191 1255 1285 sacerdote).

399 1341 402 1348 ·
445 1317 579 1400 «Deus,
600 1315 753 1410 optimus
770 1315 915 1386 Creator
928 1326 1061 1398 noster,
1081 1314 1143 1409 qui
1161 1313 1327 1408 dignatus
1341 1333 1383 1386 es

388 1459 446 1511 me
463 1438 532 1512 hoc
542 1461 643 1512 sacro
657 1458 804 1510 munere
816 1436 1034 1532 distinguere
1045 1438 1156 1532 gratia
1166 1437 1318 1532 Spiritus
1330 1438 1385 1510 tui

388 1563 515 1649 sanati,
541 1573 579 1634 ut
606 1561 765 1633 minister
781 1581 893 1632 essem
920 1562 1003 1633 novi
1023 1560 1242 1632 Testamenti
1261 1583 1385 1633 sacra·

248 1701 251 1708 ’
342 1749 348 1761 ,
376 1692 587 1754 mentorum
604 1695 760 1768 tuorum,
780 1683 817 1752 in
835 1683 980 1755 salutem
1006 1693 1042 1755 et
1066 1704 1164 1778 spem
1184 1691 1331 1754 aeternae
1346 1682 1385 1752 in

389 1803 592 1876 octaviae
615 1802 772 1877 fidelium
786 1803 965 1876 hominum
987 1815 1138 1887 tuorum,
1155 1824 1237 1874 ecce
1261 1823 1388 1874 servus

392 1933 473 1998 tuus
486 1924 553 2021 (N),
570 1928 618 1997 Te
628 1927 776 1998 Domino
784 1927 986 2014 ordinante,
997 1927 1096 2000 obiit.
1109 1927 1197 2012 Quae
1212 1928 1332 2020 itaque
1349 1926 1390 1996 in

390 2050 540 2126 vitasua
556 2060 721 2144 tanquam
749 2049 854 2122 homo
883 2051 1095 2145 peccavit,a
1121 2051 1307 2144 juventute
1321 2070 1387 2122 sua

382 2197 504 2271 usque
533 2173 580 2247 ad
608 2177 862 2271 separationem
892 2178 1021 2249 auimae
1047 2187 1083 2248 et
1112 2177 1269 2272 corporis
1293 2177 1385 2269 ejus,

390 2299 486 2372 dioto
502 2299 560 2370 vei
578 2300 684 2386 tacto,
703 2301 819 2371 sciens
835 2301 891 2371 vel
921 2300 1102 2393 ignorans,
1123 2301 1320 2372 voluntarie
1344 2321 1388 2372 ac

390 2421 642 2508 involuntarie,
658 2421 928 2516 cogitationibus
945 2425 1062 2518 pravis
1074 2435 1110 2495 et
1125 2424 1284 2518 impuris,
1305 2423 1390 2494 ani-

388 2569 458 2620 mae
478 2557 514 2618 et
531 2547 687 2641 corporis
704 2547 759 2618 sui
770 2545 945 2634 sensibus,
973 2549 1049 2620 sive
1079 2548 1218 2621 cuidam
1235 2547 1390 2619 anathe-

392 2671 477 2743 mati
493 2671 696 2762 ignoranter
715 2669 901 2762 subjacuit,
922 2681 982 2742 aut
995 2669 1126 2743 oblitus
1139 2680 1193 2742 est
1206 2668 1391 2765 cujusdam

393 2795 540 2890 peccati,
561 2804 703 2866 autnon
722 2795 834 2889 potuit
848 2796 940 2888 patri
957 2797 1131 2892 spirituali
1143 2793 1392 2881 confiteri,aut

393 2917 682 3012 qualitercunque
703 2919 831 3011 ligatus
859 2921 976 3007 fuerit,
998 2919 1044 2992 da
1073 2920 1106 2992 ei
1135 2921 1275 2991 veniam
1293 2931 1328 2993 et
1345 2919 1393 2992 ab

395 3040 491 3113 omni
506 3039 664 3124 absolve,
680 3041 825 3111 Domine
843 3039 1023 3114 hominum
1040 3053 1186 3128 ametor,
1207 3043 1312 3134 Juxta
1326 3042 1394 3113 mi·

395 3161 604 3236 sericordias
621 3173 718 3234 tuas..
731 3163 821 3234 Ecce
846 3165 936 3236 sacri
969 3166 1121 3236 ministri
1139 3165 1190 3237 tui
1207 3175 1242 3236 et
1267 3163 1393 3236 ortho-

396 3283 482 3358 doxi
497 3284 671 3370 homineS,
686 3285 858 3378 sanguine
868 3287 994 3378 juncti,
1012 3290 1150 3380 cognati
1165 3300 1200 3358 et
1212 3287 1298 3372 uoti,
1319 3296 1390 3357 tra·

394 3405 563 3479 ducentes
597 3405 665 3476 huo
690 3427 817 3500 corpus
852 3419 887 3479 et
919 3409 1097 3481 adstantes
1132 3409 1209 3500 ejus
1240 3407 1389 3492 tumulo,

395 3529 534 3602 veniam
552 3539 775 3623 peccatorum
792 3539 828 3601 et
859 3534 1015 3624 requiem
1047 3535 1175 3604 animae
1191 3532 1297 3624 hujus
1324 3529 1394 3603 dc-

395 3660 644 3747 precantur....
670 3651 791 3743 ltaque
820 3663 856 3722 et
873 3673 940 3746 ego
970 3654 1134 3746 indignus
1154 3655 1209 3746 (N.
1243 3652 1395 3753 ministri

395 3775 547 3868 nomen),
567 3785 772 3870 potestates
790 3785 825 3848 te
840 3777 924 3848 mihi
942 3780 1128 3850 commissa
1145 3776 1191 3849 ud
1207 3777 1394 3848 absolven-

396 3895 480 3970 dum
496 3897 707 3992 veniamque
721 3898 889 3986 dandam,
908 3899 1017 3972 filium
1040 3902 1135 3972 hunc
1148 3899 1316 3998 (defuncti
1331 3919 1396 3971 no·

397 4019 601 4115 meu)quiin
615 4021 910 4116 spiritquolesiae
918 4025 1158 4120 paenitentiam
1179 4007 1397 4118 peragitab-
