3124 5126
762 617 1015 682 -ttt-.

437 799 548 870 Unam
573 795 618 867 ab
643 797 776 868 oriente
795 797 839 868 ad
864 800 1026 873 occidens
1052 802 1094 871 in
1122 801 1259 875 Christo
1295 807 1379 879 fun-

388 916 507 988 datam
532 921 870 1006 superaedificururct
899 923 1064 1014 Apostoli.
1098 921 1209 992 Unam
1237 929 1379 1000 utrobi-

387 1064 455 1134 que
473 1045 721 1127 sustinuerunt‚
742 1043 823 1113 illic*
844 1049 964 1134 graeci,
985 1046 1088 1114 isthic
1113 1045 1226 1132 latini,
1253 1051 1378 1124 docto·

388 1187 445 1236 res
462 1169 563 1236 sacri.
586 1167 715 1236 anlibi
728 1165 926 1250 defuerunt,
948 1169 1005 1260 qui
1026 1169 1203 1241 erroribus
1221 1177 1293 1245 suis
1308 1199 1378 1248 non

387 1287 603 1358 stabilituros
622 1288 765 1380 lapides,
792 1289 855 1358 sed
875 1290 995 1381 glebas
1013 1291 1221 1379 subjicerent
1239 1295 1283 1364 ad
1308 1298 1378 1366 rui-

387 1433 479 1481 nam.
517 1413 608 1480 ticet
638 1425 751 1482 autem
785 1411 848 1482 huc
880 1413 1028 1483 senserit
1062 1415 1234 1501 Ecclesia,
1272 1421 1376 1491 unitis

387 1535 479 1604 vivis
489 1535 563 1623 ejus
575 1534 749 1626 lapidibus
760 1535 805 1602 nil
819 1534 1011 1604 timendum
1024 1535 1155 1608 habuit.
1171 1539 1288 1610 Crevit
1303 1543 1379 1614 haec

387 1659 557 1749 sapientia
574 1671 608 1727 et
621 1667 724 1728 aetate
742 1659 834 1750 apud
854 1661 959 1728 Deum
977 1671 1012 1728 et
1032 1661 1185 1734 homines
1205 1669 1379 1759 perplura

386 1783 526 1874 saecula.
543 1784 632 1850 luter
646 1781 775 1852 divisus
790 1793 907 1874 postea
927 1783 1018 1874 apud
1034 1807 1201 1876 quosnam
1216 1809 1378 1879 quaeren-

388 1904 454 1980 dus
480 1917 531 1974 est
546 1907 686 1974 divinus
712 1907 852 1998 spiritus
866 1908 1068 2000 sapientiae?
1083 1911 1193 1980 Latini
1210 1913 1314 1986 etiam
1333 1937 1379 1985 ex

388 2026 534 2096 Graeciae
557 2049 654 2118 agro,
672 2004 828 2096 excussis
853 2029 973 2120 paleis
990 2033 1188 2124 selegerunt
1212 2055 1373 2124 granum,

387 2147 481 2239 quod
496 2149 531 2216 in
546 2149 740 2218 scholarum
758 2148 1004 2220 resectionibus
1018 2151 1242 2224 distributum
1255 2155 1377 2247 (vene-

390 2295 508 2343 ramur
522 2275 579 2342 SS.
595 2275 709 2342 Patres
724 2293 858 2363 graecos
873 2273 1069 2368 siquidem),
1089 2275 1235 2347 redemit
1253 2301 1316 2350 nus
1332 2281 1378 2350 ab

389 2394 448 2464 illa
468 2395 685 2464 lamentanda
702 2397 847 2488 penuria
860 2418 927 2487 qua
946 2393 1077 2488 purvuli
1089 2411 1233 2491 peterent
1250 2423 1376 2490 punem,

387 2543 441 2588 aec
465 2532 542 2587 essct
559 2519 617 2613 qut
635 2515 800 2612 [recuperet
818 2511 874 2587 eis'
888 2517 1024 2610 (Thren.
1044 2543 1093 2605 rr,
1114 2519 1158 2612 l),
1180 2543 1282 2612 quam
1306 2524 1380 2592 seli-

387 2661 464 2710 cem
482 2652 636 2734 optarem
656 2661 829 2710 annonam
844 2643 979 2711 cunctis
1000 2640 1241 2734 profitentibus
1255 2645 1381 2744 Christi

288 2764 289 2768 ’
389 2761 495 2832 fidem
513 2763 577 2831 sub
597 2763 663 2831 ritu
680 2783 809 2854 graeco.

439 2885 570 2976 itaque,
588 2885 736 2954 Rutheni
757 2884 839 2954 maur
854 2885 1022 2954 carissimi
1038 2891 1043 2954 t
1062 2907 1109 2955 ex
1128 2868 1259 2954 ascum
1275 2885 1379 2954 ronu-

387 3007 453 3079 bus
479 3020 637 3100 potamus
662 3028 787 3098 aquarn
813 3007 1007 3100 sapientia,
1033 3006 1097 3077 sed
1122 3027 1280 3078 coenusus
1307 3027 1378 3076 non

389 3151 490 3222 aequc
505 3133 652 3199 vitamus
667 3129 876 3212 conductus3
897 3128 1044 3199 cavendi
1061 3128 1194 3200 avobis
1209 3129 1265 3198 isti
1283 3139 1377 3212 sunt,

388 3267 425 3324 ut
444 3255 478 3330 in
498 3275 559 3323 sua
579 3253 726 3344 puritate
744 3254 788 3322 sit
805 3265 839 3322 et
857 3251 958 3322 vobis
981 3274 1072 3344 aqua
1088 3253 1272 3346 sapientiae
1290 3251 1382 3322 salu·

301 3387 303 3392 “
388 3379 485 3446 taris.
504 3377 559 3444 Nil
577 3375 677 3444 vobis
690 3377 802 3456 obest,
815 3378 884 3444 imo
898 3377 991 3445 vires
1005 3376 1151 3446 daturus
1164 3386 1228 3456 est,
1248 3375 1379 3446 stabili-

388 3514 460 3569 tum
479 3521 581 3591 quem
600 3499 769 3568 ostendia
789 3501 939 3583 Christo,
957 3498 1131 3569 Pontificis
1146 3501 1289 3569 Romani
1306 3500 1377 3592 pri·

388 3637 512 3694 matus.
536 3621 694 3692 Ambitus
713 3624 801 3690 ultra
814 3622 971 3691 debitum
987 3642 1007 3690 a
1025 3620 1147 3690 Photio
1160 3621 1247 3718 alius
1263 3623 1378 3713 rapuit
1492 3673 1496 3682 .

388 3748 565 3832 incautus!
576 3729 763 3815 Romanum
778 3744 898 3814 datum
912 3745 979 3814 sibi
998 3765 1017 3812 a
1032 3743 1167 3812 Christo
1182 3732 1374 3834 superaedi-

389 3871 515 3952 ficavit,
537 3893 578 3940 eu
602 3871 697 3938 illum
712 3869 1103 3950 determinansPctrus3
1123 3867 1364 3938 Constantino-

389 3996 579 4089 pclitanum
596 3993 709 4063 erexit
729 3991 893 4078 Ecclesia,
913 4012 993 4062 eum
1009 3992 1198 4085 praeferens
1217 3991 1373 4061 orienta-
