<?xml version="1.0" encoding="UTF-8"?>
<!DOCTYPE html PUBLIC "-//W3C//DTD XHTML 1.0 Transitional//EN"
    "http://www.w3.org/TR/xhtml1/DTD/xhtml1-transitional.dtd">
<html xmlns="http://www.w3.org/1999/xhtml" xml:lang="en" lang="en">
 <head>
  <title>
</title>
<meta http-equiv="Content-Type" content="text/html;charset=utf-8" />
  <meta name='ocr-system' content='tesseract 3.04.00' />
  <meta name='ocr-capabilities' content='ocr_page ocr_carea ocr_par ocr_line ocrx_word'/>
</head>
<body>
  <div class='ocr_page' id='page_1' title='image "./brevisenarratio00ribegoog/brevisenarratio00ribegoog_0189.png"; bbox 0 0 3172 5130; ppageno 0'>
   <div class='ocr_carea' id='block_1_1' title="bbox 767 603 953 664">
    <p class='ocr_par' dir='ltr' id='par_1_1' title="bbox 767 603 953 664">
     <span class='ocr_line' id='line_1_1' title="bbox 767 603 953 664; baseline 0.005 -1"><span class='ocrx_word' id='word_1_1' title='bbox 767 603 953 664; x_wconf 78' lang='lat'>-150-</span> 
     </span>
    </p>
   </div>
   <div class='ocr_carea' id='block_1_2' title="bbox 329 771 1391 4060">
    <p class='ocr_par' dir='ltr' id='par_1_2' title="bbox 329 771 1348 989">
     <span class='ocr_line' id='line_1_2' title="bbox 329 771 1348 862; baseline 0.003 -22"><span class='ocrx_word' id='word_1_2' title='bbox 329 785 337 810; x_wconf 81' lang='lat'>¹</span> <span class='ocrx_word' id='word_1_3' title='bbox 362 773 569 859; x_wconf 68' lang='lat' dir='ltr'><em>spirituales</em></span> <span class='ocrx_word' id='word_1_4' title='bbox 585 772 678 851; x_wconf 83' lang='lat' dir='ltr'><strong>estis,</strong></span> <span class='ocrx_word' id='word_1_5' title='bbox 692 771 896 858; x_wconf 67' lang='lat' dir='ltr'><strong>teupusntodi</strong></span> <span class='ocrx_word' id='word_1_6' title='bbox 913 773 1076 850; x_wconf 82' lang='lat' dir='ltr'><strong>instruite</strong></span> <span class='ocrx_word' id='word_1_7' title='bbox 1092 773 1131 840; x_wconf 84' lang='lat' dir='ltr'><strong>iu</strong></span> <span class='ocrx_word' id='word_1_8' title='bbox 1156 776 1289 862; x_wconf 81' lang='lat' dir='ltr'><strong>spiritu</strong></span> <span class='ocrx_word' id='word_1_9' title='bbox 1303 777 1348 850; x_wconf 54' lang='lat' dir='ltr'><strong>le,-</strong></span> 
     </span>
     <span class='ocr_line' id='line_1_3' title="bbox 364 891 1348 989; baseline -0.001 -26"><span class='ocrx_word' id='word_1_10' title='bbox 364 897 488 964; x_wconf 83' lang='lat' dir='ltr'><strong>m&#39;tutis</strong></span> <span class='ocrx_word' id='word_1_11' title='bbox 506 891 592 982; x_wconf 83' lang='lat' dir='ltr'><strong>(Gai.</strong></span> <span class='ocrx_word' id='word_1_12' title='bbox 612 893 667 976; x_wconf 87' lang='lat' dir='ltr'><strong>Vi,</strong></span> <span class='ocrx_word' id='word_1_13' title='bbox 692 894 738 986; x_wconf 76' lang='lat' dir='ltr'><strong>i).</strong></span> <span class='ocrx_word' id='word_1_14' title='bbox 758 893 922 962; x_wconf 81' lang='lat' dir='ltr'><strong>SicEcito</strong></span> <span class='ocrx_word' id='word_1_15' title='bbox 937 893 1037 986; x_wconf 88' lang='lat' dir='ltr'><strong>(part.</strong></span> <span class='ocrx_word' id='word_1_16' title='bbox 1060 893 1095 963; x_wconf 92' lang='grc' dir='ltr'><strong>ΙΙ</strong></span> <span class='ocrx_word' id='word_1_17' title='bbox 1115 916 1192 986; x_wconf 84' lang='lat' dir='ltr'><strong>pag.</strong></span> <span class='ocrx_word' id='word_1_18' title='bbox 1217 896 1310 989; x_wconf 73' lang='lat' dir='ltr'><strong>ttt).</strong></span> <span class='ocrx_word' id='word_1_19' title='bbox 1330 926 1348 962; x_wconf 85' lang='lat'><strong>»</strong></span> 
     </span>
    </p>

    <p class='ocr_par' dir='ltr' id='par_1_3' title="bbox 362 1017 1373 2102">
     <span class='ocr_line' id='line_1_4' title="bbox 392 1017 1352 1113; baseline 0.003 -26"><span class='ocrx_word' id='word_1_20' title='bbox 392 1018 615 1111; x_wconf 77' lang='lat' dir='ltr'><strong>,Bipartitum</strong></span> <span class='ocrx_word' id='word_1_21' title='bbox 648 1027 860 1109; x_wconf 68' lang='lat' dir='ltr'><strong>praeceptum</strong></span> <span class='ocrx_word' id='word_1_22' title='bbox 905 1017 983 1098; x_wconf 88' lang='lat' dir='ltr'><strong>hoc,</strong></span> <span class='ocrx_word' id='word_1_23' title='bbox 1022 1017 1164 1107; x_wconf 80' lang='lat' dir='ltr'><strong>longum</strong></span> <span class='ocrx_word' id='word_1_24' title='bbox 1198 1019 1352 1113; x_wconf 88' lang='lat' dir='ltr'><strong>undique</strong></span> 
     </span>
     <span class='ocr_line' id='line_1_5' title="bbox 363 1141 1352 1247; baseline 0.002 -32"><span class='ocrx_word' id='word_1_25' title='bbox 363 1144 472 1236; x_wconf 83' lang='lat' dir='ltr'><strong>exigit</strong></span> <span class='ocrx_word' id='word_1_26' title='bbox 504 1142 674 1212; x_wconf 87' lang='lat' dir='ltr'><strong>calamum</strong></span> <span class='ocrx_word' id='word_1_27' title='bbox 682 1191 754 1210; x_wconf 90' lang='grc'><em>.....</em></span> <span class='ocrx_word' id='word_1_28' title='bbox 787 1141 906 1232; x_wconf 87' lang='lat' dir='ltr'><strong>itaque</strong></span> <span class='ocrx_word' id='word_1_29' title='bbox 934 1141 968 1209; x_wconf 92' lang='lat' dir='ltr'><strong>io</strong></span> <span class='ocrx_word' id='word_1_30' title='bbox 1002 1141 1116 1232; x_wconf 91' lang='lat' dir='ltr'><strong>priore</strong></span> <span class='ocrx_word' id='word_1_31' title='bbox 1148 1144 1352 1247; x_wconf 76' lang='lat' dir='ltr'><strong>quaestionis</strong></span> 
     </span>
     <span class='ocr_line' id='line_1_6' title="bbox 362 1266 1351 1364; baseline -0.002 -25"><span class='ocrx_word' id='word_1_32' title='bbox 362 1281 462 1364; x_wconf 90' lang='lat' dir='ltr'><strong>parte</strong></span> <span class='ocrx_word' id='word_1_33' title='bbox 475 1269 544 1359; x_wconf 86' lang='lat' dir='ltr'><strong>agit</strong></span> <span class='ocrx_word' id='word_1_34' title='bbox 558 1267 685 1336; x_wconf 88' lang='lat' dir='ltr'><strong>Ribera</strong></span> <span class='ocrx_word' id='word_1_35' title='bbox 702 1269 745 1334; x_wconf 85' lang='lat' dir='ltr'><strong>de</strong></span> <span class='ocrx_word' id='word_1_36' title='bbox 763 1267 968 1336; x_wconf 75' lang='lat' dir='ltr'><strong>honorando</strong></span> <span class='ocrx_word' id='word_1_37' title='bbox 984 1269 1195 1352; x_wconf 82' lang='lat' dir='ltr'><strong>sacerdotio,</strong></span> <span class='ocrx_word' id='word_1_38' title='bbox 1213 1266 1246 1336; x_wconf 94' lang='lat' dir='ltr'><strong>in</strong></span> <span class='ocrx_word' id='word_1_39' title='bbox 1267 1288 1351 1360; x_wconf 88' lang='lat' dir='ltr'><strong>pos·</strong></span> 
     </span>
     <span class='ocr_line' id='line_1_7' title="bbox 364 1391 1350 1482; baseline -0.005 -16"><span class='ocrx_word' id='word_1_40' title='bbox 364 1395 491 1466; x_wconf 89' lang='lat' dir='ltr'><strong>teriore</strong></span> <span class='ocrx_word' id='word_1_41' title='bbox 508 1412 593 1461; x_wconf 91' lang='lat' dir='ltr'><strong>vero</strong></span> <span class='ocrx_word' id='word_1_42' title='bbox 609 1394 653 1459; x_wconf 88' lang='lat' dir='ltr'><strong>de</strong></span> <span class='ocrx_word' id='word_1_43' title='bbox 669 1411 740 1459; x_wconf 81' lang='lat' dir='ltr'><strong>oon</strong></span> <span class='ocrx_word' id='word_1_44' title='bbox 757 1395 966 1478; x_wconf 79' lang='lat' dir='ltr'><strong>erropcudu</strong></span> <span class='ocrx_word' id='word_1_45' title='bbox 983 1391 1052 1458; x_wconf 83' lang='lat' dir='ltr'><strong>sibi</strong></span> <span class='ocrx_word' id='word_1_46' title='bbox 1068 1411 1090 1459; x_wconf 88' lang='lat' dir='ltr'><strong>c</strong></span> <span class='ocrx_word' id='word_1_47' title='bbox 1108 1393 1210 1459; x_wconf 83' lang='lat' dir='ltr'><strong>iaicis</strong></span> <span class='ocrx_word' id='word_1_48' title='bbox 1231 1396 1350 1482; x_wconf 80' lang='lat' dir='ltr'><strong>juris·</strong></span> 
     </span>
     <span class='ocr_line' id='line_1_8' title="bbox 363 1511 1352 1621; baseline 0 -35"><span class='ocrx_word' id='word_1_49' title='bbox 363 1519 515 1586; x_wconf 79' lang='lat' dir='ltr'><em>dictione</em></span> <span class='ocrx_word' id='word_1_50' title='bbox 527 1519 567 1586; x_wconf 84' lang='lat' dir='ltr'><strong>in</strong></span> <span class='ocrx_word' id='word_1_51' title='bbox 579 1537 702 1598; x_wconf 80' lang='lat' dir='ltr'><strong>sucrn;</strong></span> <span class='ocrx_word' id='word_1_52' title='bbox 715 1537 789 1621; x_wconf 33' lang='lat' dir='ltr'><strong>&#39;qua</strong></span> <span class='ocrx_word' id='word_1_53' title='bbox 817 1513 898 1584; x_wconf 86' lang='lat' dir='ltr'><strong>data</strong></span> <span class='ocrx_word' id='word_1_54' title='bbox 917 1513 1099 1584; x_wconf 83' lang='lat' dir='ltr'>occasione</span> <span class='ocrx_word' id='word_1_55' title='bbox 1117 1511 1236 1602; x_wconf 86' lang='lat' dir='ltr'><strong>binam</strong></span> <span class='ocrx_word' id='word_1_56' title='bbox 1254 1515 1352 1596; x_wconf 85' lang='lat' dir='ltr'><strong>addit</strong></span> 
     </span>
     <span class='ocr_line' id='line_1_9' title="bbox 363 1626 1352 1732; baseline 0.01 -35"><span class='ocrx_word' id='word_1_57' title='bbox 363 1627 639 1698; x_wconf 70' lang='lat' dir='ltr'><strong>dissertationem</strong></span> <span class='ocrx_word' id='word_1_58' title='bbox 658 1626 702 1696; x_wconf 87' lang='lat' dir='ltr'><strong>de</strong></span> <span class='ocrx_word' id='word_1_59' title='bbox 727 1635 1020 1732; x_wconf 80' lang='lat' dir='ltr'><strong>competibititate</strong></span> <span class='ocrx_word' id='word_1_60' title='bbox 1049 1637 1202 1704; x_wconf 82' lang='lat' dir='ltr'><strong>dominii</strong></span> <span class='ocrx_word' id='word_1_61' title='bbox 1223 1643 1352 1724; x_wconf 84' lang='lat' dir='ltr'><strong>tempo·</strong></span> 
     </span>
     <span class='ocr_line' id='line_1_10' title="bbox 362 1757 1373 1843; baseline 0.001 -19"><span class='ocrx_word' id='word_1_62' title='bbox 362 1759 454 1840; x_wconf 80' lang='lat' dir='ltr'><strong>ratis</strong></span> <span class='ocrx_word' id='word_1_63' title='bbox 482 1779 563 1825; x_wconf 84' lang='lat' dir='ltr'><strong>cum</strong></span> <span class='ocrx_word' id='word_1_64' title='bbox 583 1775 750 1843; x_wconf 82' lang='lat' dir='ltr'><strong>supremo</strong></span> <span class='ocrx_word' id='word_1_65' title='bbox 776 1759 953 1842; x_wconf 71' lang='lat' dir='ltr'><strong>sepimine</strong></span> <span class='ocrx_word' id='word_1_66' title='bbox 974 1757 1174 1842; x_wconf 80' lang='lat' dir='ltr'><strong>spirituaii,</strong></span> <span class='ocrx_word' id='word_1_67' title='bbox 1202 1769 1266 1818; x_wconf 78' lang='lat' dir='ltr'><strong>nec</strong></span> <span class='ocrx_word' id='word_1_68' title='bbox 1286 1766 1373 1819; x_wconf 86' lang='lat' dir='ltr'><strong>non&#39;</strong></span> 
     </span>
     <span class='ocr_line' id='line_1_11' title="bbox 362 1877 1352 1964; baseline -0.001 -17"><span class='ocrx_word' id='word_1_69' title='bbox 362 1880 406 1946; x_wconf 85' lang='lat' dir='ltr'><strong>de</strong></span> <span class='ocrx_word' id='word_1_70' title='bbox 419 1881 570 1964; x_wconf 79' lang='lat' dir='ltr'><strong>criptae,</strong></span> <span class='ocrx_word' id='word_1_71' title='bbox 584 1879 729 1962; x_wconf 79' lang='lat' dir='ltr'><strong>iustitio</strong></span> <span class='ocrx_word' id='word_1_72' title='bbox 743 1883 776 1944; x_wconf 88' lang='lat' dir='ltr'><strong>et</strong></span> <span class='ocrx_word' id='word_1_73' title='bbox 790 1877 946 1943; x_wconf 83' lang='lat' dir='ltr'><strong>utilitate</strong></span> <span class='ocrx_word' id='word_1_74' title='bbox 972 1877 1126 1944; x_wconf 83' lang='lat' dir='ltr'><strong>dominii</strong></span> <span class='ocrx_word' id='word_1_75' title='bbox 1145 1879 1352 1962; x_wconf 81' lang='lat' dir='ltr'><strong>temporalis</strong></span> 
     </span>
     <span class='ocr_line' id='line_1_12' title="bbox 362 2001 1042 2102; baseline -0.009 -24"><span class='ocrx_word' id='word_1_76' title='bbox 362 2015 496 2079; x_wconf 77' lang='lat' dir='ltr'><strong>somnii</strong></span> <span class='ocrx_word' id='word_1_77' title='bbox 524 2014 704 2102; x_wconf 77' lang='lat' dir='ltr'><strong>pontificis</strong></span> <span class='ocrx_word' id='word_1_78' title='bbox 735 2005 826 2096; x_wconf 81' lang='lat' dir='ltr'><strong>(pag.</strong></span> <span class='ocrx_word' id='word_1_79' title='bbox 848 2001 1042 2094; x_wconf 68' lang='lat' dir='ltr'><strong>tta-187).</strong></span> 
     </span>
    </p>

    <p class='ocr_par' dir='ltr' id='par_1_4' title="bbox 403 2123 1150 2220">
     <span class='ocr_line' id='line_1_13' title="bbox 403 2123 1150 2220; baseline 0 -26"><span class='ocrx_word' id='word_1_80' title='bbox 403 2125 570 2209; x_wconf 82' lang='lat' dir='ltr'><strong>Quaedam</strong></span> <span class='ocrx_word' id='word_1_81' title='bbox 589 2146 634 2194; x_wconf 84' lang='lat' dir='ltr'><strong>ex</strong></span> <span class='ocrx_word' id='word_1_82' title='bbox 651 2127 766 2218; x_wconf 89' lang='lat' dir='ltr'><strong>priore</strong></span> <span class='ocrx_word' id='word_1_83' title='bbox 795 2135 893 2220; x_wconf 87' lang='lat' dir='ltr'><strong>parte</strong></span> <span class='ocrx_word' id='word_1_84' title='bbox 910 2123 1150 2218; x_wconf 78' lang='lat' dir='ltr'><strong>decerpamus.</strong></span> 
     </span>
    </p>

    <p class='ocr_par' dir='ltr' id='par_1_5' title="bbox 358 2237 1391 4060">
     <span class='ocr_line' id='line_1_14' title="bbox 410 2237 1349 2320; baseline 0.002 -4"><span class='ocrx_word' id='word_1_85' title='bbox 410 2246 548 2318; x_wconf 85' lang='lat' dir='ltr'><strong>Occurit</strong></span> <span class='ocrx_word' id='word_1_86' title='bbox 570 2247 696 2320; x_wconf 86' lang='lat' dir='ltr'><strong>Ribera</strong></span> <span class='ocrx_word' id='word_1_87' title='bbox 720 2276 734 2314; x_wconf 81' lang='lat' dir='ltr'><strong>a</strong></span> <span class='ocrx_word' id='word_1_88' title='bbox 752 2261 802 2320; x_wconf 88' lang='lat' dir='ltr'><strong>tot</strong></span> <span class='ocrx_word' id='word_1_89' title='bbox 821 2237 986 2318; x_wconf 88' lang='lat' dir='ltr'><strong>derebus</strong></span> <span class='ocrx_word' id='word_1_90' title='bbox 1005 2247 1241 2318; x_wconf 88' lang='lat' dir='ltr'><strong>Ruthenorum</strong></span> <span class='ocrx_word' id='word_1_91' title='bbox 1259 2250 1349 2320; x_wconf 90' lang='lat' dir='ltr'><strong>scri-</strong></span> 
     </span>
     <span class='ocr_line' id='line_1_15' title="bbox 361 2372 1351 2466; baseline 0.001 -25"><span class='ocrx_word' id='word_1_92' title='bbox 361 2372 520 2465; x_wconf 89' lang='lat' dir='ltr'><strong>ptoribus</strong></span> <span class='ocrx_word' id='word_1_93' title='bbox 540 2373 615 2464; x_wconf 84' lang='lat' dir='ltr'><strong>(pro</strong></span> <span class='ocrx_word' id='word_1_94' title='bbox 642 2375 772 2463; x_wconf 87' lang='lat' dir='ltr'><strong>majore</strong></span> <span class='ocrx_word' id='word_1_95' title='bbox 799 2384 903 2466; x_wconf 85' lang='lat' dir='ltr'><strong>¹parte</strong></span> <span class='ocrx_word' id='word_1_96' title='bbox 932 2372 1163 2465; x_wconf 82' lang='lat' dir='ltr'><strong>Lutheranis),</strong></span> <span class='ocrx_word' id='word_1_97' title='bbox 1180 2374 1238 2464; x_wconf 92' lang='lat' dir='ltr'><strong>qui</strong></span> <span class='ocrx_word' id='word_1_98' title='bbox 1253 2375 1351 2465; x_wconf 80' lang='lat' dir='ltr'><em>quasi</em></span> 
     </span>
     <span class='ocr_line' id='line_1_16' title="bbox 362 2493 1349 2590; baseline 0.002 -26"><span class='ocrx_word' id='word_1_99' title='bbox 362 2493 496 2564; x_wconf 84' lang='lat' dir='ltr'><strong>illusuri</strong></span> <span class='ocrx_word' id='word_1_100' title='bbox 515 2495 669 2566; x_wconf 80' lang='lat' dir='ltr'><strong>referunt</strong></span> <span class='ocrx_word' id='word_1_101' title='bbox 688 2499 780 2590; x_wconf 89' lang='lat' dir='ltr'><strong>piam</strong></span> <span class='ocrx_word' id='word_1_102' title='bbox 801 2495 1160 2566; x_wconf 86' lang='lat' dir='ltr'><strong>iliamcaeremoniam</strong></span> <span class='ocrx_word' id='word_1_103' title='bbox 1189 2493 1349 2582; x_wconf 90' lang='lat' dir='ltr'><strong>Czarum,</strong></span> 
     </span>
     <span class='ocr_line' id='line_1_17' title="bbox 362 2616 1364 2712; baseline 0.003 -25"><span class='ocrx_word' id='word_1_104' title='bbox 362 2616 420 2688; x_wconf 89' lang='lat' dir='ltr'><strong>die</strong></span> <span class='ocrx_word' id='word_1_105' title='bbox 435 2617 609 2689; x_wconf 89' lang='lat' dir='ltr'><strong>dominica</strong></span> <span class='ocrx_word' id='word_1_106' title='bbox 628 2619 834 2712; x_wconf 88' lang='lat' dir='ltr'><strong>palmarum,</strong></span> <span class='ocrx_word' id='word_1_107' title='bbox 852 2617 1004 2688; x_wconf 89' lang='lat' dir='ltr'><strong>vehendi</strong></span> <span class='ocrx_word' id='word_1_108' title='bbox 1023 2639 1085 2712; x_wconf 90' lang='lat' dir='ltr'><strong>per</strong></span> <span class='ocrx_word' id='word_1_109' title='bbox 1102 2619 1249 2687; x_wconf 84' lang='lat' dir='ltr'><strong>fraenum</strong></span> <span class='ocrx_word' id='word_1_110' title='bbox 1270 2621 1364 2711; x_wconf 84' lang='lat' dir='ltr'><strong>equi</strong></span> 
     </span>
     <span class='ocr_line' id='line_1_18' title="bbox 358 2741 1354 2836; baseline 0.003 -25"><span class='ocrx_word' id='word_1_111' title='bbox 358 2743 415 2812; x_wconf 92' lang='lat' dir='ltr'><strong>cui</strong></span> <span class='ocrx_word' id='word_1_112' title='bbox 433 2743 608 2834; x_wconf 88' lang='lat' dir='ltr'><strong>quondam</strong></span> <span class='ocrx_word' id='word_1_113' title='bbox 632 2742 829 2836; x_wconf 85' lang='lat' dir='ltr'><strong>patriarcha</strong></span> <span class='ocrx_word' id='word_1_114' title='bbox 846 2741 1026 2825; x_wconf 70' lang='lat' dir='ltr'><strong>insideret,</strong></span> <span class='ocrx_word' id='word_1_115' title='bbox 1047 2741 1092 2812; x_wconf 90' lang='lat' dir='ltr'><strong>ad</strong></span> <span class='ocrx_word' id='word_1_116' title='bbox 1119 2757 1354 2834; x_wconf 87' lang='lat' dir='ltr'><strong>repraesenta-</strong></span> 
     </span>
     <span class='ocr_line' id='line_1_19' title="bbox 358 2855 1356 2958; baseline 0.004 -26"><span class='ocrx_word' id='word_1_117' title='bbox 358 2863 487 2934; x_wconf 88' lang='lat' dir='ltr'><strong>tionem</strong></span> <span class='ocrx_word' id='word_1_118' title='bbox 520 2864 643 2935; x_wconf 87' lang='lat' dir='ltr'><strong>Christi</strong></span> <span class='ocrx_word' id='word_1_119' title='bbox 686 2893 693 2935; x_wconf 92' lang='lat'><strong>:</strong></span> <span class='ocrx_word' id='word_1_120' title='bbox 731 2855 849 2956; x_wconf 84' lang='lat' dir='ltr'><strong>sicque</strong></span> <span class='ocrx_word' id='word_1_121' title='bbox 881 2865 1136 2958; x_wconf 83' lang='lat' dir='ltr'><strong>processionem</strong></span> <span class='ocrx_word' id='word_1_122' title='bbox 1169 2865 1303 2934; x_wconf 88' lang='lat' dir='ltr'><strong>solitam</strong></span> <span class='ocrx_word' id='word_1_123' title='bbox 1335 2887 1356 2936; x_wconf 87' lang='lat' dir='ltr'><strong>a</strong></span> 
     </span>
     <span class='ocr_line' id='line_1_20' title="bbox 362 2987 1354 3081; baseline 0.002 -25"><span class='ocrx_word' id='word_1_124' title='bbox 362 2989 492 3081; x_wconf 82' lang='lat' dir='ltr'><strong>templo</strong></span> <span class='ocrx_word' id='word_1_125' title='bbox 512 2989 546 3056; x_wconf 94' lang='lat' dir='ltr'><strong>S.</strong></span> <span class='ocrx_word' id='word_1_126' title='bbox 566 2988 685 3058; x_wconf 86' lang='lat' dir='ltr'><strong>Mariae</strong></span> <span class='ocrx_word' id='word_1_127' title='bbox 702 2987 748 3058; x_wconf 91' lang='lat' dir='ltr'><strong>ad</strong></span> <span class='ocrx_word' id='word_1_128' title='bbox 765 2987 859 3058; x_wconf 86' lang='lat' dir='ltr'><strong>aliud</strong></span> <span class='ocrx_word' id='word_1_129' title='bbox 874 2989 929 3057; x_wconf 90' lang='lat' dir='ltr'><strong>cui</strong></span> <span class='ocrx_word' id='word_1_130' title='bbox 960 3008 1086 3057; x_wconf 90' lang='lat' dir='ltr'><strong>nomen</strong></span> <span class='ocrx_word' id='word_1_131' title='bbox 1124 2987 1354 3076; x_wconf 79' lang='lat' dir='ltr'><strong>Hierusalem,</strong></span> 
     </span>
     <span class='ocr_line' id='line_1_21' title="bbox 360 3109 1350 3203; baseline 0.001 -24"><span class='ocrx_word' id='word_1_132' title='bbox 360 3109 451 3179; x_wconf 90' lang='lat' dir='ltr'><strong>circa</strong></span> <span class='ocrx_word' id='word_1_133' title='bbox 480 3131 609 3192; x_wconf 88' lang='lat' dir='ltr'><strong>arcem,</strong></span> <span class='ocrx_word' id='word_1_134' title='bbox 641 3109 845 3180; x_wconf 87' lang='lat' dir='ltr'><strong>associandi.</strong></span> <span class='ocrx_word' id='word_1_135' title='bbox 881 3109 1115 3178; x_wconf 77' lang='lat' dir='ltr'><strong>patriarchatu</strong></span> <span class='ocrx_word' id='word_1_136' title='bbox 1149 3131 1350 3203; x_wconf 86' lang='lat' dir='ltr'><strong>suppresso,</strong></span> 
     </span>
     <span class='ocr_line' id='line_1_22' title="bbox 361 3231 1391 3337; baseline 0.002 -37"><span class='ocrx_word' id='word_1_137' title='bbox 361 3231 605 3324; x_wconf 87' lang='lat' dir='ltr'><strong>imperantium</strong></span> <span class='ocrx_word' id='word_1_138' title='bbox 637 3233 693 3303; x_wconf 89' lang='lat' dir='ltr'><strong>hic</strong></span> <span class='ocrx_word' id='word_1_139' title='bbox 712 3255 785 3304; x_wconf 91' lang='lat' dir='ltr'><strong>mos</strong></span> <span class='ocrx_word' id='word_1_140' title='bbox 813 3233 845 3302; x_wconf 92' lang='lat' dir='ltr'><strong>in</strong></span> <span class='ocrx_word' id='word_1_141' title='bbox 881 3232 1146 3336; x_wconf 84' lang='lat' dir='ltr'><strong>desuetudinem</strong></span> <span class='ocrx_word' id='word_1_142' title='bbox 1164 3233 1250 3302; x_wconf 88' lang='lat' dir='ltr'><strong>abiit</strong></span> <span class='ocrx_word' id='word_1_143' title='bbox 1268 3259 1276 3316; x_wconf 89' lang='lat'>;</span> <span class='ocrx_word' id='word_1_144' title='bbox 1295 3231 1357 3302; x_wconf 87' lang='lat' dir='ltr'><strong>sed</strong></span> <span class='ocrx_word' id='word_1_145' title='bbox 1389 3332 1391 3337; x_wconf 90' lang='lat'>.</span> 
     </span>
     <span class='ocr_line' id='line_1_23' title="bbox 362 3347 1359 3454; baseline -0.001 -23"><span class='ocrx_word' id='word_1_146' title='bbox 362 3362 427 3432; x_wconf 91' lang='lat' dir='ltr'><strong>sub</strong></span> <span class='ocrx_word' id='word_1_147' title='bbox 449 3373 545 3452; x_wconf 86' lang='lat' dir='ltr'><strong>patre</strong></span> <span class='ocrx_word' id='word_1_148' title='bbox 580 3363 762 3454; x_wconf 85' lang='lat' dir='ltr'><strong>praesentis</strong></span> <span class='ocrx_word' id='word_1_149' title='bbox 798 3359 1028 3454; x_wconf 74' lang='lat' dir='ltr'><strong>imperatricis</strong></span> <span class='ocrx_word' id='word_1_150' title='bbox 1046 3347 1141 3454; x_wconf 67' lang='lat' dir='ltr'><strong>{puta</strong></span> <span class='ocrx_word' id='word_1_151' title='bbox 1171 3361 1295 3451; x_wconf 75' lang='lat' dir='ltr'><strong>Annae)</strong></span> <span class='ocrx_word' id='word_1_152' title='bbox 1325 3373 1359 3430; x_wconf 91' lang='lat' dir='ltr'><strong>et</strong></span> 
     </span>
     <span class='ocr_line' id='line_1_24' title="bbox 365 3462 1358 3578; baseline -0.002 -24"><span class='ocrx_word' id='word_1_153' title='bbox 365 3462 465 3554; x_wconf 83' lang='lat' dir='ltr'><strong>Petro</strong></span> <span class='ocrx_word' id='word_1_154' title='bbox 483 3485 499 3554; x_wconf 94' lang='grc' dir='ltr'>Ι</span> <span class='ocrx_word' id='word_1_155' title='bbox 525 3485 558 3552; x_wconf 91' lang='lat' dir='ltr'><strong>in</strong></span> <span class='ocrx_word' id='word_1_156' title='bbox 579 3483 789 3578; x_wconf 86' lang='lat' dir='ltr'><strong>descriptam</strong></span> <span class='ocrx_word' id='word_1_157' title='bbox 804 3505 879 3554; x_wconf 89' lang='lat' dir='ltr'><strong>eam</strong></span> <span class='ocrx_word' id='word_1_158' title='bbox 898 3484 1153 3576; x_wconf 83' lang='lat' dir='ltr'><strong>processionem</strong></span> <span class='ocrx_word' id='word_1_159' title='bbox 1175 3483 1231 3575; x_wconf 87' lang='lat' dir='ltr'><strong>(ex</strong></span> <span class='ocrx_word' id='word_1_160' title='bbox 1250 3484 1358 3553; x_wconf 85' lang='lat' dir='ltr'><strong>War-</strong></span> 
     </span>
     <span class='ocr_line' id='line_1_25' title="bbox 366 3605 1360 3702; baseline -0.002 -25"><span class='ocrx_word' id='word_1_161' title='bbox 366 3607 501 3681; x_wconf 89' lang='lat' dir='ltr'><strong>mund:-</strong></span> <span class='ocrx_word' id='word_1_162' title='bbox 525 3631 605 3702; x_wconf 86' lang='lat' dir='ltr'><strong>pag.</strong></span> <span class='ocrx_word' id='word_1_163' title='bbox 642 3610 699 3702; x_wconf 76' lang='lat'><strong>58)</strong></span> <span class='ocrx_word' id='word_1_164' title='bbox 725 3638 731 3678; x_wconf 89' lang='lat'>:</span> <span class='ocrx_word' id='word_1_165' title='bbox 762 3609 905 3678; x_wconf 77' lang='lat' dir='ltr'><strong>«Primo</strong></span> <span class='ocrx_word' id='word_1_166' title='bbox 930 3608 1035 3677; x_wconf 90' lang='lat' dir='ltr'><strong>arbor</strong></span> <span class='ocrx_word' id='word_1_167' title='bbox 1061 3605 1108 3676; x_wconf 90' lang='lat' dir='ltr'><strong>ad</strong></span> <span class='ocrx_word' id='word_1_168' title='bbox 1137 3629 1241 3699; x_wconf 86' lang='lat' dir='ltr'><strong>quam</strong></span> <span class='ocrx_word' id='word_1_169' title='bbox 1261 3607 1360 3699; x_wconf 13' lang='lat' dir='ltr'><strong>*varii</strong></span> 
     </span>
     <span class='ocr_line' id='line_1_26' title="bbox 367 3703 1358 3820; baseline -0.003 -23"><span class='ocrx_word' id='word_1_170' title='bbox 367 3729 498 3798; x_wconf 82' lang='lat' dir='ltr'><strong>fructus</strong></span> <span class='ocrx_word' id='word_1_171' title='bbox 515 3729 644 3820; x_wconf 84' lang='lat' dir='ltr'><strong>alligati</strong></span> <span class='ocrx_word' id='word_1_172' title='bbox 659 3729 692 3798; x_wconf 92' lang='lat' dir='ltr'><strong>in</strong></span> <span class='ocrx_word' id='word_1_173' title='bbox 709 3727 830 3798; x_wconf 84' lang='lat' dir='ltr'><strong>humili</strong></span> <span class='ocrx_word' id='word_1_174' title='bbox 844 3749 964 3811; x_wconf 89' lang='lat' dir='ltr'><strong>curru,</strong></span> <span class='ocrx_word' id='word_1_175' title='bbox 983 3748 1086 3819; x_wconf 88' lang='lat' dir='ltr'><strong>quem</strong></span> <span class='ocrx_word' id='word_1_176' title='bbox 1105 3747 1216 3818; x_wconf 89' lang='lat' dir='ltr'><strong>equus</strong></span> <span class='ocrx_word' id='word_1_177' title='bbox 1236 3703 1358 3795; x_wconf 88' lang='lat' dir='ltr'><strong>trahe-</strong></span> 
     </span>
     <span class='ocr_line' id='line_1_27' title="bbox 369 3845 1359 3944; baseline -0.002 -27"><span class='ocrx_word' id='word_1_178' title='bbox 369 3859 436 3932; x_wconf 89' lang='lat' dir='ltr'><strong>ret,</strong></span> <span class='ocrx_word' id='word_1_179' title='bbox 482 3851 717 3942; x_wconf 82' lang='lat' dir='ltr'><strong>praecedebat,</strong></span> <span class='ocrx_word' id='word_1_180' title='bbox 745 3850 801 3920; x_wconf 93' lang='lat' dir='ltr'><strong>cui</strong></span> <span class='ocrx_word' id='word_1_181' title='bbox 830 3845 1028 3918; x_wconf 88' lang='lat' dir='ltr'><strong>insidebant</strong></span> <span class='ocrx_word' id='word_1_182' title='bbox 1074 3859 1225 3940; x_wconf 91' lang='lat' dir='ltr'><strong>quatuor</strong></span> <span class='ocrx_word' id='word_1_183' title='bbox 1261 3847 1359 3944; x_wconf 89' lang='lat' dir='ltr'><strong>pueri</strong></span> 
     </span>
     <span class='ocr_line' id='line_1_28' title="bbox 370 3973 1361 4060; baseline -0.001 -17"><span class='ocrx_word' id='word_1_184' title='bbox 370 3973 530 4044; x_wconf 89' lang='lat' dir='ltr'><strong>candidis</strong></span> <span class='ocrx_word' id='word_1_185' title='bbox 566 3976 686 4046; x_wconf 90' lang='lat' dir='ltr'><strong>amicti</strong></span> <span class='ocrx_word' id='word_1_186' title='bbox 727 3976 837 4060; x_wconf 88' lang='lat' dir='ltr'><strong>stolis,</strong></span> <span class='ocrx_word' id='word_1_187' title='bbox 871 3983 1049 4044; x_wconf 89' lang='lat' dir='ltr'><strong>cantantes</strong></span> <span class='ocrx_word' id='word_1_188' title='bbox 1083 3975 1258 4044; x_wconf 84' lang='lat' dir='ltr'><strong>Hosanna.</strong></span> <span class='ocrx_word' id='word_1_189' title='bbox 1292 3973 1361 4044; x_wconf 89' lang='lat' dir='ltr'><strong>Hos</strong></span> 
     </span>
    </p>
   </div>
   <div class='ocr_carea' id='block_1_3' title="bbox 0 0 1594 5124">
    <p class='ocr_par' dir='ltr' id='par_1_6' title="bbox 0 0 1594 5124">
     <span class='ocr_line' id='line_1_29' title="bbox 0 0 1594 5124; baseline 0 0"><span class='ocrx_word' id='word_1_190' title='bbox 0 0 1594 5124; x_wconf 95' lang='lat' dir='ltr'><strong> </strong></span> 
     </span>
    </p>
   </div>
  </div>
 </body>
</html>
