3148 5132
583 603 623 626 ·-
645 581 752 643 xxxin
773 610 813 626 -··

204 768 270 836 rint
290 767 360 836 cani
384 765 417 832 in
438 783 545 834 eornm
560 760 690 850 templo,
703 737 789 834 sicut
815 767 888 835 ante
906 767 1091 850 Lutherum,
1108 767 1216 854 juria.
1328 762 1330 768 ’

201 894 344 976 tempora
367 889 435 956 ritu
454 889 594 954 Romano
618 888 811 974 praescripta,
839 889 968 955 litanias
978 889 1197 972 Lauretaneas,

201 1007 298 1074 nno
308 1007 531 1090 Redemptoris
549 1010 659 1086 muter,
671 1007 739 1072 Ace
752 1007 879 1092 Rapina
893 1008 1056 1088 caelorum,
1070 1009 1198 1094 Rapina

201 1125 273 1194 occdi
293 1127 412 1194 laetorc.
431 1126 465 1194 si
480 1128 514 1192 in
526 1127 576 1192 his
594 1127 907 1210 invocationegotur,
928 1147 985 1194 nec
998 1147 1108 1194 vocum
1125 1147 1198 1194 sen·

200 1266 255 1314 sus
270 1247 472 1332 percipitur...
483 1246 521 1312 Id
545 1246 703 1312 Lutherus
717 1245 894 1330 improbat;
916 1246 970 1313 sed
985 1265 1097 1313 aurum
1111 1247 1193 1332 apud

201 1384 273 1432 suos
286 1365 424 1433 Luthero
435 1363 594 1450 potentius
610 1383 619 1428 ι
634 1364 779 1450 quodne
794 1365 970 1448 amittatur,
985 1367 1088 1432 sinon
1104 1385 1192 1452 sper·

201 1489 317 1554 nendos
341 1491 444 1556 serrat
468 1488 552 1554 inter
579 1483 773 1553 Lutheranos
799 1485 1010 1553 catholicismi
1033 1488 1194 1574 reliquias,

200 1609 276 1693 quid
290 1629 351 1676 non
374 1610 511 1676 efficeret
534 1609 572 1676 de
594 1627 673 1676 noro
694 1607 846 1691 oblatum,
863 1609 902 1674 nt
930 1609 1067 1694 reliquos
1094 1610 1192 1678 iidem

201 1728 399 1812 acceptarent
423 1728 505 1794 ritus
527 1726 721 1796 catholicos?
742 1725 877 1794 Nullum
902 1727 1119 1794 canonicorum
1136 1728 1192 1794 aut

198 1849 377 1934 opinionum
394 1845 552 1912 similium
572 1847 663 1932 (fore)
680 1845 779 1928 credo,
794 1845 849 1940 qni
874 1845 981 1914 oblata
1008 1845 1070 1912 sibi
1088 1846 1193 1913 eccle-

201 1966 400 2034 siasticorum
422 1963 605 2031 reddituum
625 1963 724 2047 copia,
742 1979 837 2028 aurea
857 1961 1134 2048 methamorphosi,
1157 1979 1193 2027 cx

198 2084 325 2152 hoedilis
341 2083 515 2150 Lnthernni
529 2083 651 2167 pastore
678 2081 711 2148 in
732 2081 823 2148 ovilis
838 2081 984 2151 catholici
1000 2082 1117 2168 templo
1130 2100 1192 2149 non

197 2202 287 2270 tieret
300 2201 490 2274 ostiarius.»
515 2201 616 2287 (Echo
630 2201 687 2286 piot.
694 2201 720 2285 1,
734 2191 818 2286 256.)

237 2322 369 2390 Viennae
394 2321 545 2389 ultimam
568 2339 697 2386 manum
721 2319 876 2405 imposuit
898 2320 1014 2388 Ribera
1034 2321 1191 2408 grandiori

193 2443 276 2529 operi
294 2461 349 2510 suo
361 2443 452 2510 Echo
462 2443 541 2527 pictai
551 2444 713 2529 inscripto,
726 2443 809 2529 quod
823 2443 1023 2512 inchoaverat
1032 2443 1187 2523 Moscuae3

193 2587 233 2634 an
244 2567 351 2632 autem
363 2565 449 2632 aliud
461 2541 588 2650 aliquod
599 2566 751 2650 scriptum
762 2566 1195 2652 reliqueritetquidtandem

194 2687 322 2754 Mosona
340 2687 437 2753 redux
455 2687 599 2772 gesserit,
610 2687 676 2754 haec
697 2688 730 2754 et
748 2687 822 2768 alia,
836 2706 897 2754 non
909 2706 999 2756 secus
1018 2708 1054 2755 ao
1068 2691 1189 2774 postre-

194 2829 283 2878 mum
294 2809 367 2876 vitae
380 2809 447 2893 ejus
458 2808 715 2893 annumpenitus
728 2827 784 2876 nos
798 2808 1190 2894 latereingenuefatcmur.

663 3013 730 3081 VI..

235 3207 284 3272 19.
302 3205 475 3290 Reliquum
489 3205 548 3287 est,
558 3207 596 3270 nt
609 3204 687 3289 quid
701 3205 734 3270 in
748 3223 827 3272 nova
840 3205 899 3272 heo
910 3205 1044 3273 editione
1062 3226 1081 3273 a
1097 3207 1187 3274 nobis

191 3325 370 3410 praestitum
393 3325 447 3407 sit,
469 3325 579 3410 paucis
604 3325 811 3409 attingamus.
824 3323 987 3408 Imprimis
996 3325 1095 3408 igitur
1104 3325 1186 3392 illud

190 3448 453 3515 constitueramus
481 3447 663 3528 nobiscnm,
690 3447 727 3512 ut
750 3446 907 3532 genuinus
922 3447 1068 3513 Auctoris
1082 3448 1186 3515 textus
1319 3531 1321 3534 Ι

189 3569 313 3653 integer
333 3567 533 3635 exhiberetur
549 3567 580 3632 ct
602 3566 642 3632 ad
664 3565 759 3632 fidem
780 3565 893 3652 prioris
916 3567 1074 3650 editionis,
1094 3569 1186 3654 cujus

187 3691 379 3774 exemplaria
399 3691 469 3776 jam
493 3689 613 3756 dutum
637 3677 799 3756 rarissima
819 3689 996 3772 evaserunt,
1012 3691 1185 3757 accuratis-

188 3815 268 3882 sime
288 3815 426 3880 exaotus.
444 3812 495 3880 Ad
517 3813 596 3890 hoec,
622 3813 810 3882 serrandum
835 3811 1015 3880 censuimus
1037 3813 1184 3883 Auctoris

190 3935 311 4030 stylum
326 3932 514 4024 dicendique
528 3933 673 4018 modnm3
687 3939 736 4023 ne',
751 3933 779 4004 si
794 3933 928 4028 expolire
942 3935 1182 4027 sincerisque
