3172 5130
790 657 973 726 -172-

371 843 435 938 qui
461 853 617 938 praesunt
640 841 811 928 ecclesiis,
840 840 1005 915 omnibus
1022 839 1166 928 diebus,
1194 841 1258 914 sed
1272 851 1365 939 prae·-

372 967 475 1062 cipue
500 965 699 1051 dominicis,
723 985 863 1037 omnam
888 965 1021 1036 clerum
1040 976 1075 1037 et
1103 965 1269 1060 populum
1292 963 1365 1037 do-

372 1097 475 1160 ceant
487 1084 625 1181 pietatis
638 1107 681 1158 ac
699 1096 807 1158 rectae
822 1086 999 1180 religionis
1021 1087 1174 1182 eloquia,
1196 1107 1243 1157 ex
1260 1103 1365 1158 sacra

372 1211 551 1306 Scriptura
564 1223 600 1284 et
612 1213 819 1284 Sanctorum
837 1213 977 1283 Patrum
1003 1211 1184 1298 doctrina;
1214 1213 1293 1299 isto,
1306 1212 1365 1304 ju·

371 1333 478 1408 bente
494 1355 554 1408 cos
566 1327 629 1432 qui
641 1335 886 1407 illuminantur
897 1333 947 1428 (id
960 1347 1013 1407 est
1028 1335 1162 1430 fideles)
1178 1335 1283 1408 fidem
1296 1334 1364 1406 ad·

251 1470 254 1479 '
372 1457 522 1546 discere,
543 1472 579 1530 et
608 1461 734 1554 quinta
766 1457 973 1552 septimanas
1001 1459 1087 1530 feria
1117 1460 1280 1553 episcopo
1306 1456 1365 1530 vel

370 1581 599 1678 praesbyteris
616 1581 690 1674 (seu
709 1579 944 1675 cathechistis)
961 1582 1177 1654 renuntiare.
1198 1581 1256 1652 Sic
1272 1579 1366 1652 libe·

370 1719 513 1779 raretur
528 1707 678 1803 populns
694 1704 866 1778 ruthenus
879 1726 899 1777 a
913 1703 1132 1802 lacrymabili
1148 1706 1362 1799 ignorantia.

259 1911 260 1918 ἵ
369 1829 521 1902 Noscant
539 1830 646 1925 igitur
663 1827 711 1924 pii
728 1829 842 1900 Graeci
858 1839 892 1899 et
914 1825 1079 1914 Rutheni,
1099 1835 1135 1899 et
1154 1828 1293 1923 experti
1306 1829 1364 1900 ia·

369 1963 510 2028 teantur
523 1956 558 2027 in
573 1955 711 2050 seipsis,
720 1945 882 2026 cessante
895 1951 1086 2047 fine,leges
1097 1964 1132 2026 et
1144 1975 1261 2027 sacros
1275 1975 1365 2050 quos

367 2075 490 2149 dicunt
506 2099 657 2150 canones
673 2077 875 2169 derogatos.

406 2201 520 2297 Igitur
534 2204 611 2300 (neo
641 2204 676 2274 in
711 2201 767 2273 his
793 2199 939 2293 tantum)
963 2199 1141 2273 Trullanis
1169 2197 1365 2272 canonibus

367 2338 572 2399 evacuatum
587 2329 624 2398 in
643 2325 854 2418 Graecia-jus
868 2326 931 2396 luit
951 2350 959 2407 ;
976 2323 1038 2396 sed
1056 2336 1089 2396 et
1099 2325 1264 2396 omissum
1276 2324 1365 2416 jeju·

366 2451 463 2521 nium
481 2451 631 2536 sabbati,
646 2450 750 2543 juxta
763 2447 977 2520 laudabilem
987 2447 1190 2520 Graecorum
1204 2449 1357 2542 praxim,

361 2573 503 2667 qnando
517 2571 897 2647 ordinationesfiabant'
908 2573 967 2649 die
982 2572 1169 2644 dominica.
1187 2571 1363 2645 Audiatur

361 2698 561 2792 patriarcha
592 2697 997 2796 constantinopolitanus
1025 2697 1202 2782 Tarasius,
1234 2717 1289 2790 ep.
1314 2695 1362 2768 ad

362 2825 618 2893 Hcdnanuml
632 2822 758 2910 ,dieze
772 2821 954 2918 decenno
969 2820 1043 2896 78l
1053 2823 1110 2894 vel
1120 2811 1363 2914 temtabatur

361 2947 456 3019 inter
472 2968 580 3040 opera
598 2943 773 3018 Theodori
791 2946 952 3040 Studltae)
974 2969 983 3017 :
1005 2974 1024 3012 α
1042 2947 1085 3018 llt
1106 2947 1183 3020 haeo
1197 2945 1359 3041 quidem,

362 3071 505 3166 (seilicet
518 3070 612 3165 quod
628 3092 675 3143 ex
692 3069 781 3142 laloo
796 3071 1005 3143 iactusesset
1019 3070 1214 3166 episcopus]
1231 3091 1360 3166 quam-

337 3194 417 3288 ·vis
449 3205 571 3265 contra
600 3213 765 3280 canones,
793 3193 899 3266 venia
923 3205 1002 3264 sunt
1028 3191 1151 3286 digna,
1167 3193 1262 3290 quod
1279 3201 1360 3266 acta

360 3315 430 3388 sint
447 3315 601 3386 clamore
611 3315 741 3410 populi,
763 3315 799 3385 vi
813 3315 1024 3410 principum,
1045 3298 1186 3387 senatus
1199 3313 1357 3404 hortatu,

361 3439 447 3512 oleri
481 3440 587 3510 totius
604 3439 782 3532 suffragio.
814 3438 949 3511 Caetera
964 3461 1060 3534 ¹vero
1082 3441 1187 3532 juxta
1206 3445 1360 3514 canones

361 3574 457 3637 recte
479 3563 663 3658 disposita,
700 3586 781 3635 cum
814 3576 849 3637 at
879 3567 1023 3638 sabbato
1041 3567 1116 3660 ipso
1140 3565 1358 3639 celebratum

357 3673 527 3780 jejunium
546 3673 676 3774 fuerit*
692 3698 731 3760 nt
748 3688 889 3762 ordines
918 3711 1037 3763 sacros
1057 3692 1267 3786 acciperem,
1289 3693 1359 3765 Do-

360 3808 445 3880 mini
458 3817 493 3878 et
506 3810 694 3882 servatoris
704 3811 814 3882 nostri
826 3833 926 3885 sacro
946 3813 1121 3885 natalibus
1134 3812 1234 3884 die.»
1256 3813 1359 3886 Unde

241 3994 242 3998 ,
359 3930 492 4004 Veccus
510 3932 709 4024 patriarcha
722 3921 974 4030 quoquelorat.
995 3941 1008 4008 l
1034 3936 1079 4008 de
1094 3934 1352 4042 inaugur.)ait:

366 4052 528 4148 «quodsi
547 4052 607 4126 die
624 4054 802 4130 dominica
817 4059 1175 4155 mannsimponendae
1188 4071 1292 4132 arunt
1308 4062 1356 4135 ob

367 4172 395 4206 ,.

367 4235 418 4264 f)-
431 4244 463 4264 ³-
487 4261 492 4268 ,
