3124 5126
614 666 782 728 ...55-

203 839 384 922 utramque
399 830 502 903 simul
518 830 668 926 speciem
686 829 910 903 commixtam
928 833 1091 906 sacerdos
1109 856 1194 928 por-

201 951 305 1044 rigat.
324 954 526 1026 Panissacri
541 953 855 1051 particulaefhristi
871 957 1043 1047 sunguine
1058 956 1194 1046 tinotae,
1289 1049 1292 1057 ι

200 1083 384 1161 extractae,
416 1087 450 1148 et
473 1100 578 1172 super
606 1099 742 1149 sacrum
760 1076 909 1156 discum,
933 1076 1088 1149 adhibito
1106 1081 1195 1152 suh-

200 1207 255 1268 tus
285 1197 380 1290 igne,
398 1199 565 1302 siccam,
600 1213 817 1294 reponuntur
848 1200 883 1269 in
910 1202 1075 1286 samarie,
1108 1205 1192 1276 laria

134 1370 138 1376 -
200 1320 320 1414 quinta
333 1321 368 1391 in
382 1321 486 1394 Coena
503 1323 653 1408 Domini,
664 1322 849 1394 servandae
865 1345 928 1418 per
942 1335 1050 1394 totum
1065 1346 1194 1399 annum

200 1443 236 1513 in
268 1444 558 1518 moribundorum
597 1446 787 1530 viaticum,
819 1455 854 1516 et
892 1447 986 1516 omni
1013 1447 1192 1522 dominica

198 1567 489 1662 quadragesimae,
504 1569 549 1641 ad
577 1568 727 1640 odicium
750 1567 1125 1643 Praesanctificatorum
1140 1595 1193 1644 se·

197 1689 337 1782 quentis
353 1688 596 1762 hebdomadae.
611 1689 764 1760 Tandem
777 1688 955 1770 diaconus,
973 1691 1116 1786 reliquis
1130 1716 1191 1766 ore

197 1814 357 1906 sumptis,
378 1814 522 1884 calicem
536 1811 698 1906 purificat
714 1823 749 1882 et
767 1813 891 1884 rituale
907 1795 1192 1889 officiumdistri·

194 1933 326 2006 buendi
341 1957 466 2030 panem
478 1934 716 2019 benedictum,
727 1935 1052 2008 undeconsecratus
1065 1939 1192 2014 scissus

195 2056 319 2143 luerat,
340 2058 436 2150 prius
451 2078 471 2128 a
486 2037 702 2128 subdiacono
716 2058 748 2126 in
765 2057 958 2150 fragmenta
972 2071 1106 2130 sectum
1122 2082 1186 2154 pro

192 2181 334 2275 populo,
354 2180 536 2273 etreliqua
553 2203 633 2251 cum
653 2181 857 2276 presbytero
871 2183 1034 2276 complet.

242 2304 358 2374 Ritum
376 2303 471 2374 hunc
495 2313 531 2373 et
551 2303 595 2374 ab
613 2303 817 2375 orthodoxis
840 2313 875 2374 et
895 2301 940 2374 ab
963 2305 1189 2380 heterodoxis

193 2426 316 2518 pennis
346 2427 449 2512 tueri,
482 2425 627 2496 historia
656 2427 725 2497 alio
755 2427 909 2518 ablegat.
938 2425 1066 2498 Latinis
1091 2443 1188 2502 certe

192 2548 343 2620 inhibuit
357 2548 531 2620 Paschalis
542 2549 568 2618 ll
584 2549 673 2644 Papa
690 2549 801 2642 (epist.
818 2549 877 2644 32)
888 2552 1076 2621 novitatem
1091 2574 1184 2646 quo-

191 2669 339 2741 rundam
370 2671 517 2742 intincto
535 2692 624 2764 pane
650 2671 998 2756 communicantium
1021 2673 1183 2744 retinen·

190 2792 345 2886 dumque
375 2795 541 2888 praecepit
573 2817 671 2867 usum
705 2807 946 2888 separatarum
976 2795 1181 2887 specierum,

190 2914 541 2989 Christiinstitutioni
560 2920 877 3010 congruentiorem.
896 2918 1054 2990 Graecum
1067 2931 1184 2992 autem

190 3040 295 3110 ritum
331 3061 512 3135 nunquam
546 3039 701 3111 Ecclesia
731 3041 884 3110 Romana
911 3037 1085 3130 judicavit
1113 3060 1183 3110 non

189 3163 304 3258 pium;
341 3163 434 3235 unde
477 3139 579 3256 culpa
612 3183 679 3234 non
716 3173 811 3232 caret
845 3161 1069 3233 Ort-hodoxus
1102 3183 1183 3233 eum
1257 3171 1258 3176 ’

188 3306 336 3358 censens
372 3283 577 3358 taxandum.
620 3287 825 3378 Separatum
853 3306 922 3356 non
951 3283 1027 3356 dari
1058 3305 1185 3378 corpus

190 3403 322 3479 Graecis
351 3409 465 3495 laicis,
498 3407 556 3502 pie
589 3417 726 3477 cautum
761 3427 838 3476 esse
870 3427 891 3477 a
922 3404 1181 3500 chrysostomo,

189 3531 346 3603 scribunt
369 3533 487 3628 plures
500 3531 621 3625 (penes
643 3529 820 3614 Goarium,
836 3539 907 3599 not.
932 3531 1016 3614 tae,
1036 3528 1179 3600 inMiss.

189 3652 395 3748 chrysost),
425 3655 562 3727 detecta
589 3653 711 3724 fraude
733 3652 850 3746 impiae
880 3652 1035 3724 loeminae
1054 3651 1181 3722 micam

189 3796 323 3847 sacram
340 3778 461 3848 abore
478 3777 711 3859 extrahentis,
729 3775 1009 3846 communionem
1024 3769 1182 3843 aliamab

188 3897 365 3971 haereticis
380 3909 576 3994 accepturae
595 3927 603 3970 :
626 3897 719 3970 unde
736 3911 879 3969 sanctus
895 3897 953 3968 ille
971 3896 1098 3991 praesul
1116 3913 1182 3964 cc-

189 4020 321 4094 chleari
334 4021 485 4095 dandam
502 4023 780 4095 communionem
799 4022 1000 4107 instituerit,
1020 4040 1089 4114 quo
1105 4017 1184 4089 reli·
1206 4060 1208 4066 ·
