3124 5126
603 629 786 692 -lll-

203 831 276 888 sus,
305 807 350 879 ad
380 809 448 880 alia
472 807 658 879 ediscenda
678 829 881 901 progressus
914 818 980 894 est.
1002 809 1192 879 Homerum
1221 837 1223 841 ·

84 977 86 982 -
204 929 727 1024 etgeometriam,dialecticam
751 941 786 998 et
814 928 1065 1022 philosophiam
1100 926 1194 1020 apud
1280 978 1284 996 ,

204 1053 356 1124 Leonem
377 1065 411 1122 et
444 1052 600 1122 Photium
628 1051 769 1140 didicit,
783 1061 953 1144 praeterea
974 1052 1191 1134 rhetoricam,

205 1175 476 1258 arithmeticam,
509 1175 753 1244 astronomiam
785 1185 819 1244 et
851 1175 1016 1244 musicam
1044 1191 1066 1258 ;’
1092 1173 1196 1244 simul

205 1283 320 1369 autem
340 1297 374 1366 in
406 1297 602 1366 humilitate
629 1309 664 1366 et
695 1297 865 1367 modestia
892 1317 929 1365 se
956 1297 1114 1366 exercuit
1133 1295 1193 1389 (C).

207 1421 256 1488 lta
283 1429 517 1509 comparatum
550 1419 724 1510 logotheta
752 1419 940 1511 praeposuit
964 1439 1044 1488 cum
1077 1418 1196 1488 domui
1267 1401 1268 1404 ¹

207 1560 306 1623 suae3
329 1540 437 1608 voluit
463 1539 603 1630 insuper
634 1539 667 1608 in
697 1559 840 1609 uxorem
866 1539 1002 1610 cidare
1028 1561 1125 1609 suam
1154 1537 1195 1608 [i-

210 1662 379 1743 liastram,
397 1659 532 1750 adjecta
551 1660 799 1752 pollicitatione
816 1683 854 1731 se
868 1673 1000 1754 partem
1022 1662 1200 1755 principa-

214 1797 270 1856 tus
295 1797 329 1854 et
351 1785 554 1877 dignitatem
569 1791 715 1876 strategi
734 1787 778 1855 ab
795 1787 1006 1878 imperatore
1026 1787 1197 1876 impetra-

208 1922 334 1980 turum.
375 1907 483 1991 Quam
518 1929 632 2002 quum*
657 1910 831 2000 rejecisset
863 1909 1006 2000 juvenis
1043 1930 1202 1999 magna-

176 2032 180 2038 ’
209 2031 363 2113 nimiter,
402 2031 522 2099 statuit
550 2052 651 2114 eum,
695 2032 904 2101 monachatu
938 2043 972 2100 et
1005 2030 1202 2101 sacerdotio

125 2169 127 2175 ·
209 2165 361 2233 auctum,
391 2150 614 2222 bibliothecae
643 2145 897 2245 patriarchicae'
916 2153 960 2223 ad
991 2156 1026 2224 S.
1061 2153 1201 2246 Sophiae

163 2339 165 2344 .
210 2295 428 2371 praeponere.
455 2276 596 2344 -Non
621 2276 765 2344 multum
786 2287 901 2346 tamen
919 2277 1082 2368 temporis
1103 2298 1200 2346 com-

210 2409 364 2466 moratus
405 2374 554 2466 estillic
586 2398 851 2482 Constantinus,
884 2399 946 2470 sed
977 2411 1072 2468 trans
1106 2421 1201 2470 mare

209 2520 403 2608 Augustum
421 2521 510 2590 clam
530 2521 616 2590 abiit
634 2532 668 2590 et
683 2521 716 2588 in
731 2520 882 2612 quodam
897 2523 1108 2594 monasterio
1123 2544 1201 2594 sese

210 2639 356 2726 abdidit,
374 2643 420 2711 ita
442 2654 477 2712 ut
501 2643 653 2712 nonnisi
677 2656 753 2736 post
773 2665 836 2714 sex
861 2646 1113 2715 mensesluerit
1128 2645 1197 2716 de-

212 2765 399 2856 leolule).
430 2796 447 2829 r)

260 2885 592 2978 Constantinopolim
613 2885 746 2970 redux,
766 2909 954 2980 numquam
986 2889 1112 2959 adduci
1133 2912 1201 2982 po-

211 3014 293 3094 tnit,
330 3024 367 3082 ut
400 3011 549 3104 primum
579 3011 758 3080 servitium
795 3026 1008 3082 resumeret:
1045 3013 1200 3105 magistri
1244 3041 1245 3046 ¹

174 3123 178 3140 ’
210 3148 326 3222 tamen
341 3158 467 3204 munus
483 3136 640 3226 accipere
658 3149 692 3204 et
717 3136 970 3229 philosophiam
990 3139 1202 3230 alienigenas

209 3245 244 3330 el
262 3260 356 3328 cives
372 3258 500 3327 docere
518 3277 587 3325 non
604 3259 777 3326 recusavit
792 3258 849 3350 (C).
862 3261 934 3330 Hoc
945 3273 1102 3352 tempore
1115 3263 1202 3333 con

209 3383 408 3466 staulinus,
440 3383 542 3452 aetate
585 3379 892 3472 adhuc·juvenis,·
934 3383 1203 3478 disputationem

210 3501 306 3586 iniit,
349 3504 568 3596 imperatoris
590 3503 715 3594 jussu,
750 3525 830 3572 cum
865 3505 1060 3598 patriarcha
1095 3509 1205 3578 Jaune

210 3630 283 3720 (seu
301 3625 443 3716 Ioanne)
462 3626 508 3694 oh
533 3646 658 3716 pravas
676 3625 720 3695 de
736 3627 862 3696 sanctis
889 3627 1099 3720 imaginibus
1115 3629 1203 3712 doc·

212 3753 321 3823 trinas
335 3749 379 3820 de
396 3749 479 3820 sede
495 3749 594 3840 pulso
612 3750 672 3842 (C).

244 3874 345 3942 ¹Cum
366 3883 482 3940 autem
508 3893 637 3940 annum
663 3871 836 3960 attigisset
863 3872 1065 3963 vigesimum
1096 3855 1206 3966 quar-

212 4007 299 4080 tum,
320 3996 443 4066 missus
470 4009 523 4064 est
553 3995 655 4065 simul
674 4016 753 4065 cum
780 3995 927 4088 Georgio
944 3999 1133 4069 secretario
1159 3999 1204 4072 ad
