3124 5126
822 573 993 637 ..72-

405 737 488 829 jecit
502 739 606 827 (circa
619 737 714 830 quod
730 738 894 810 fusiorem
911 748 1096 810 tractatum
1110 740 1155 811 de
1169 741 1404 819 sacramentis

403 858 594 952 exspecto).
625 858 797 932 Secundae
829 861 1013 932 severioris
1046 862 1080 930 iu
1118 864 1264 935 feminas
1291 867 1405 960 (aeque

404 1003 447 1052 ac
468 981 563 1050 viros
594 980 748 1071 fragiles,
776 1002 841 1050 nec
866 982 942 1052 sine
975 982 1024 1054 eis
1051 984 1186 1054 futuras
1212 986 1402 1080 adulteras)

403 1105 605 1176 christiauae
639 1105 726 1194 tegis
753 1106 917 1174 motivum
950 1105 1046 1176 aliud
1075 1107 1235 1199 (sacrum)
1269 1111 1402 1179 uultum
1434 1085 1436 1090 ⁵

403 1228 555 1319 allegant
579 1227 704 1310 Graeci,
734 1249 837 1319 quam
869 1226 964 1319 quod
992 1227 1148 1300 Christus
1172 1233 1262 1298 circs
1285 1230 1404 1300 verbis

403 1351 589 1442 expressit,
610 1373 679 1421 non
700 1351 846 1419 feminas
867 1378 873 1420 :
897 1362 933 1419 ut
957 1351 1019 1420 has
1046 1351 1262 1431 fornicarias,
1284 1365 1319 1422 et
1350 1354 1404 1424 di-

403 1475 603 1559 mittendas,
624 1487 659 1546 et
675 1475 850 1544 innubites
867 1475 933 1542 viri
962 1473 1200 1560 declararent;
1223 1478 1317 1548 viros
1332 1499 1399 1548 au·

402 1610 473 1672 tom
490 1623 592 1694 aeque
619 1607 805 1693 peccantes
836 1598 978 1667 feminae
1004 1597 1203 1668 sufferrent.
1235 1601 1311 1684 Quo
1340 1624 1401 1671 ar-

403 1734 550 1814 guentes
563 1723 703 1804 cavillo,
720 1719 869 1812 pessime
894 1719 1064 1789 inferrent
1086 1722 1227 1793 feminae
1255 1744 1398 1813 graecae,

405 1867 443 1916 se
470 1867 538 1916 non
558 1843 793 1915 moechaturas
820 1843 853 1910 in
873 1841 975 1911 corde
1001 1863 1076 1926 suo,
1097 1843 1126 1912 si
1156 1843 1268 1913 visum
1287 1848 1402 1915 virum

405 1969 654 2062 concupierint,
667 1967 749 2059 quia
761 1986 924 2057 expressa
942 1945 1067 2036 Christi
1082 1969 1253 2037 sententia
1265 1967 1397 2059 (Matth.

405 2092 448 2174 V,
462 2091 520 2182 28)
533 2117 541 2160 :
554 2093 657 2157 omnis
674 2093 731 2184 qui
746 2085 866 2157 viderit
880 2085 1046 2156 mutierem
1058 2087 1101 2157 od
1116 2089 1401 2184 concupiscendum

405 2235 473 2281 eum
485 2211 607 2306 (igitur
623 2209 750 2300 tremo),
758 2213 834 2298 jorn
844 2206 1016 2278 mechatus
1030 2223 1074 2278 est
1088 2235 1158 2278 eom
1171 2214 1207 2278 in
1220 2209 1312 2280 corde
1325 2235 1405 2294 suo,-

320 2419 322 2434 ,
404 2335 497 2430 quod
515 2335 695 2407 decretum
725 2334 888 2403 mulieres
907 2344 1101 2426 peccaturae
1119 2334 1278 2417 interius,
1308 2335 1401 2404 atle-

398 2469 522 2552 garent
540 2438 719 2528 omissum,
744 2456 824 2549 (Sed
842 2455 886 2526 dc
904 2456 956 2526 his
978 2457 1074 2541 alibi,
1098 2457 1156 2526 ubi
1177 2456 1404 2550 disparitates

400 2583 465 2654 has
481 2603 642 2663 sexuum,
664 2601 749 2671 quas
781 2579 944 2648 fortiores
961 2578 1028 2646 viri
1048 2579 1204 2648 fecerunt
1228 2580 1402 2672 politicaS,

402 2706 597 2776 ridebimus
615 2705 778 2774 exiliatus
797 2724 816 2772 a
840 2704 949 2772 sacris
967 2702 1147 2794 Evangelii
1164 2704 1303 2795 legibus
1323 2704 1332 2795 )

457 2827 518 2896 His
532 2835 707 2896 errantem
720 2824 824 2894 fidem
838 2824 1116 2915 expositionibus
1129 2834 1214 2916 quot
1229 2824 1404 2895 scandatis

405 2948 598 3038 subjectam
633 2965 700 3015 non
735 2943 933 3014 videbimus
969 2942 1034 3014 sub
1070 2966 1178 3016 onere
1217 2947 1403 3016 matrimo-

407 3071 470 3154 nii,
489 3071 524 3140 in
538 3069 685 3139 Graeciae
702 3077 735 3138 et
753 3067 939 3137 Moscoviae
955 3065 1132 3138 dominis?
1152 3053 1333 3138 Adulteria
1347 3068 1404 3138 isti

408 3192 526 3263 dicent
552 3211 701 3260 uxorum
731 3188 948 3280 immodestia
975 3190 1075 3280 signa
1104 3191 1281 3268 levissima
1309 3212 1403 3261 :ao-
1468 3229 1471 3236 ·

408 3323 588 3388 crescente
611 3313 646 3383 in
664 3313 756 3405 ipsas
772 3313 933 3397 crimina,
956 3314 1147 3405 potentium
1168 3315 1325 3384 virorum
1345 3324 1405 3386 aut

409 3437 548 3508 fastidio
568 3437 699 3518 uxoris,
720 3447 779 3505 aut
808 3436 995 3529 zelotypia.
1018 3434 1201 3506 Adulteria
1228 3457 1314 3506 vero
1336 3457 1406 3529 pu-

389 3559 555 3630 ‘bliciora
570 3557 800 3652 quarumdam
831 3559 920 3628 seret
951 3558 1185 3630 oculatiorum
1213 3557 1408 3652 plebicota-

411 3708 490 3756 rum
522 3685 656 3779 inopia3
690 3693 964 3778 cunctorumque
1003 3695 1156 3756 statuum
1205 3687 1301 3756 viros
1345 3705 1412 3756 nee

346 3817 348 3820 ’
413 3823 534 3902 tegere
563 3807 734 3879 adulteria
764 3807 917 3878 movebit
946 3808 1089 3902 impune
1119 3807 1334 3904 increpanda
1364 3808 1409 3879 ab

417 3929 709 4024 uxoribuscuipa.
732 3931 816 4002 Tres
829 3930 1027 4002 meminisse
1048 3932 1134 4002 mihi
1155 3943 1289 4004 tantum
1307 3931 1410 4002 liceat
