<?xml version="1.0" encoding="UTF-8"?>
<!DOCTYPE html PUBLIC "-//W3C//DTD XHTML 1.0 Transitional//EN"
    "http://www.w3.org/TR/xhtml1/DTD/xhtml1-transitional.dtd">
<html xmlns="http://www.w3.org/1999/xhtml" xml:lang="en" lang="en">
 <head>
  <title>
</title>
<meta http-equiv="Content-Type" content="text/html;charset=utf-8" />
  <meta name='ocr-system' content='tesseract 3.04.00' />
  <meta name='ocr-capabilities' content='ocr_page ocr_carea ocr_par ocr_line ocrx_word'/>
</head>
<body>
  <div class='ocr_page' id='page_1' title='image "./brevisenarratio00ribegoog/brevisenarratio00ribegoog_0100.png"; bbox 0 0 3124 5126; ppageno 0'>
   <div class='ocr_carea' id='block_1_1' title="bbox 586 583 760 704">
    <p class='ocr_par' dir='ltr' id='par_1_1' title="bbox 586 583 760 704">
     <span class='ocr_line' id='line_1_1' title="bbox 586 583 760 704; baseline -0.057 -44"><span class='ocrx_word' id='word_1_1' title='bbox 586 583 760 704; x_wconf 48' lang='lat' dir='ltr'>ju·-</span> 
     </span>
    </p>
   </div>
   <div class='ocr_carea' id='block_1_2' title="bbox 181 739 1181 1214">
    <p class='ocr_par' dir='ltr' id='par_1_2' title="bbox 181 739 1181 1214">
     <span class='ocr_line' id='line_1_2' title="bbox 181 739 1173 844; baseline 0.013 -27"><span class='ocrx_word' id='word_1_2' title='bbox 181 743 378 840; x_wconf 79' lang='lat' dir='ltr'>mensVlll.</span> <span class='ocrx_word' id='word_1_3' title='bbox 397 741 437 812; x_wconf 75' lang='lat' dir='ltr'>ln</span> <span class='ocrx_word' id='word_1_4' title='bbox 450 739 602 826; x_wconf 76' lang='lat' dir='ltr'>instruct.</span> <span class='ocrx_word' id='word_1_5' title='bbox 616 747 660 832; x_wconf 80' lang='lat' dir='ltr'>ud</span> <span class='ocrx_word' id='word_1_6' title='bbox 673 747 772 844; x_wconf 77' lang='lat' dir='ltr'>episc.</span> <span class='ocrx_word' id='word_1_7' title='bbox 789 751 933 841; x_wconf 68' lang='lat' dir='ltr'>Laeuos,</span> <span class='ocrx_word' id='word_1_8' title='bbox 950 758 1003 830; x_wconf 84' lang='lat' dir='ltr'>tlt.</span> <span class='ocrx_word' id='word_1_9' title='bbox 1022 752 1173 832; x_wconf 78' lang='lat' dir='ltr'>circuOl.</span> 
     </span>
     <span class='ocr_line' id='line_1_3' title="bbox 181 863 1178 970; baseline 0.014 -34"><span class='ocrx_word' id='word_1_10' title='bbox 181 865 219 945; x_wconf 83' lang='lat' dir='ltr'>S,</span> <span class='ocrx_word' id='word_1_11' title='bbox 240 865 364 965; x_wconf 76' lang='lat' dir='ltr'>infirm.</span> <span class='ocrx_word' id='word_1_12' title='bbox 382 886 491 964; x_wconf 89' lang='lat' dir='ltr'>penes</span> <span class='ocrx_word' id='word_1_13' title='bbox 507 863 698 940; x_wconf 86' lang='lat' dir='ltr'>Arcudium</span> <span class='ocrx_word' id='word_1_14' title='bbox 715 870 776 942; x_wconf 91' lang='lat' dir='ltr'>lib.</span> <span class='ocrx_word' id='word_1_15' title='bbox 792 875 828 958; x_wconf 81' lang='grc' dir='ltr'>ὅ,</span> <span class='ocrx_word' id='word_1_16' title='bbox 846 895 923 970; x_wconf 85' lang='lat' dir='ltr'>cap.</span> <span class='ocrx_word' id='word_1_17' title='bbox 940 881 975 964; x_wconf 75' lang='lat'>2,</span> <span class='ocrx_word' id='word_1_18' title='bbox 994 887 1030 949; x_wconf 88' lang='lat' dir='ltr'>et</span> <span class='ocrx_word' id='word_1_19' title='bbox 1046 899 1092 953; x_wconf 80' lang='lat' dir='ltr'>ex</span> <span class='ocrx_word' id='word_1_20' title='bbox 1111 879 1178 950; x_wconf 87' lang='lat' dir='ltr'>islo</span> 
     </span>
     <span class='ocr_line' id='line_1_4' title="bbox 182 980 1181 1090; baseline 0.013 -27"><span class='ocrx_word' id='word_1_21' title='bbox 182 987 359 1076; x_wconf 87' lang='lat' dir='ltr'>Goar,ubi</span> <span class='ocrx_word' id='word_1_22' title='bbox 371 1009 492 1085; x_wconf 90' lang='lat' dir='ltr'>supra,</span> <span class='ocrx_word' id='word_1_23' title='bbox 508 998 581 1061; x_wconf 87' lang='lat' dir='ltr'>nol.</span> <span class='ocrx_word' id='word_1_24' title='bbox 600 989 659 1063; x_wconf 75' lang='grc'>22.</span> <span class='ocrx_word' id='word_1_25' title='bbox 681 1013 761 1086; x_wconf 80' lang='lat' dir='ltr'>pag.</span> <span class='ocrx_word' id='word_1_26' title='bbox 782 980 882 1090; x_wconf 77' lang='lat'>358.)</span> <span class='ocrx_word' id='word_1_27' title='bbox 895 999 1181 1081; x_wconf 78' lang='lat' dir='ltr'>Necunctionem</span> 
     </span>
     <span class='ocr_line' id='line_1_5' title="bbox 183 1111 1176 1214; baseline 0.01 -28"><span class='ocrx_word' id='word_1_28' title='bbox 183 1135 264 1186; x_wconf 93' lang='lat' dir='ltr'>cum</span> <span class='ocrx_word' id='word_1_29' title='bbox 286 1113 320 1196; x_wconf 86' lang='lat' dir='ltr'>S.</span> <span class='ocrx_word' id='word_1_30' title='bbox 343 1111 429 1185; x_wconf 87' lang='lat' dir='ltr'>Oleo</span> <span class='ocrx_word' id='word_1_31' title='bbox 456 1123 657 1186; x_wconf 85' lang='lat' dir='ltr'>consecrato</span> <span class='ocrx_word' id='word_1_32' title='bbox 682 1116 727 1186; x_wconf 91' lang='lat' dir='ltr'>ab</span> <span class='ocrx_word' id='word_1_33' title='bbox 756 1119 920 1214; x_wconf 88' lang='lat' dir='ltr'>episcopo</span> <span class='ocrx_word' id='word_1_34' title='bbox 946 1124 1031 1198; x_wconf 80' lang='lat' dir='ltr'>teria</span> <span class='ocrx_word' id='word_1_35' title='bbox 1061 1125 1102 1194; x_wconf 90' lang='lat' dir='ltr'>V.</span> <span class='ocrx_word' id='word_1_36' title='bbox 1141 1124 1176 1196; x_wconf 89' lang='lat' dir='ltr'>in</span> 
     </span>
    </p>
   </div>
   <div class='ocr_carea' id='block_1_3' title="bbox 114 1236 1256 3924">
    <p class='ocr_par' dir='ltr' id='par_1_3' title="bbox 114 1236 1256 3924">
     <span class='ocr_line' id='line_1_6' title="bbox 180 1236 1175 1342; baseline 0.004 -33"><span class='ocrx_word' id='word_1_37' title='bbox 180 1237 288 1310; x_wconf 84' lang='lat' dir='ltr'>Coena</span> <span class='ocrx_word' id='word_1_38' title='bbox 304 1237 442 1309; x_wconf 89' lang='lat' dir='ltr'>Domini</span> <span class='ocrx_word' id='word_1_39' title='bbox 472 1236 668 1308; x_wconf 87' lang='lat' dir='ltr'>exhibitum</span> <span class='ocrx_word' id='word_1_40' title='bbox 687 1243 919 1328; x_wconf 87' lang='lat' dir='ltr'>communiter</span> <span class='ocrx_word' id='word_1_41' title='bbox 938 1245 1090 1322; x_wconf 75' lang='lat' dir='ltr'><strong>adstanti</strong></span> <span class='ocrx_word' id='word_1_42' title='bbox 1109 1266 1175 1342; x_wconf 83' lang='lat' dir='ltr'>po.-</span> 
     </span>
     <span class='ocr_line' id='line_1_7' title="bbox 179 1360 1175 1459; baseline 0.003 -26"><span class='ocrx_word' id='word_1_43' title='bbox 179 1363 276 1459; x_wconf 83' lang='lat' dir='ltr'>pu10,</span> <span class='ocrx_word' id='word_1_44' title='bbox 289 1369 545 1437; x_wconf 87' lang='lat' dir='ltr'>sacramentum</span> <span class='ocrx_word' id='word_1_45' title='bbox 554 1360 700 1432; x_wconf 87' lang='lat' dir='ltr'>credunt</span> <span class='ocrx_word' id='word_1_46' title='bbox 711 1363 876 1453; x_wconf 80' lang='lat' dir='ltr'>Rulheui,</span> <span class='ocrx_word' id='word_1_47' title='bbox 889 1365 1059 1458; x_wconf 78' lang='lat' dir='ltr'>sedpium</span> <span class='ocrx_word' id='word_1_48' title='bbox 1075 1390 1175 1454; x_wconf 79' lang='lat' dir='ltr'>usum</span> 
     </span>
     <span class='ocr_line' id='line_1_8' title="bbox 181 1471 1256 1580; baseline 0.007 -24"><span class='ocrx_word' id='word_1_49' title='bbox 181 1479 429 1580; x_wconf 84' lang='lat' dir='ltr'>pro&#39;sanandis</span> <span class='ocrx_word' id='word_1_50' title='bbox 447 1481 716 1580; x_wconf 68' lang='lat' dir='ltr'>aegritudinibus</span> <span class='ocrx_word' id='word_1_51' title='bbox 734 1485 942 1572; x_wconf 85' lang='lat' dir='ltr'>animorum,</span> <span class='ocrx_word' id='word_1_52' title='bbox 963 1499 1000 1558; x_wconf 93' lang='lat' dir='ltr'>ut</span> <span class='ocrx_word' id='word_1_53' title='bbox 1016 1471 1176 1564; x_wconf 87' lang='lat' dir='ltr'>commu-</span> <span class='ocrx_word' id='word_1_54' title='bbox 1247 1517 1256 1527; x_wconf 66' lang='grc'><strong><em>’</em></strong></span> 
     </span>
     <span class='ocr_line' id='line_1_9' title="bbox 181 1607 1173 1700; baseline 0.003 -22"><span class='ocrx_word' id='word_1_55' title='bbox 181 1608 240 1678; x_wconf 90' lang='lat' dir='ltr'>nio</span> <span class='ocrx_word' id='word_1_56' title='bbox 255 1616 488 1700; x_wconf 83' lang='lat' dir='ltr'>sanctumque</span> <span class='ocrx_word' id='word_1_57' title='bbox 499 1607 632 1678; x_wconf 83' lang='lat' dir='ltr'><strong>Pascha</strong></span> <span class='ocrx_word' id='word_1_58' title='bbox 650 1608 848 1684; x_wconf 72' lang='lat' dir='ltr'>celebretur</span> <span class='ocrx_word' id='word_1_59' title='bbox 864 1609 1038 1696; x_wconf 82' lang='lat' dir='ltr'>devotius.</span> <span class='ocrx_word' id='word_1_60' title='bbox 1059 1611 1173 1698; x_wconf 88' lang='lat' dir='ltr'>Quod,</span> 
     </span>
     <span class='ocr_line' id='line_1_10' title="bbox 114 1729 1176 1828; baseline 0.004 -28"><span class='ocrx_word' id='word_1_61' title='bbox 114 1767 116 1770; x_wconf 96' lang='lat'>·</span> <span class='ocrx_word' id='word_1_62' title='bbox 181 1739 311 1825; x_wconf 85' lang='lat' dir='ltr'>praeter</span> <span class='ocrx_word' id='word_1_63' title='bbox 328 1750 369 1800; x_wconf 89' lang='lat' dir='ltr'>eu</span> <span class='ocrx_word' id='word_1_64' title='bbox 385 1749 467 1822; x_wconf 80' lang='lat' dir='ltr'>quaa</span> <span class='ocrx_word' id='word_1_65' title='bbox 479 1729 614 1799; x_wconf 92' lang='lat' dir='ltr'>nutavit</span> <span class='ocrx_word' id='word_1_66' title='bbox 631 1729 789 1814; x_wconf 73' lang='lat' dir='ltr'>(locrius,</span> <span class='ocrx_word' id='word_1_67' title='bbox 809 1733 995 1824; x_wconf 84' lang='lat' dir='ltr'>explicabo</span> <span class='ocrx_word' id='word_1_68' title='bbox 1011 1737 1176 1828; x_wconf 81' lang='lat' dir='ltr'>exemplo</span> 
     </span>
     <span class='ocr_line' id='line_1_11' title="bbox 181 1852 1178 1946; baseline 0.002 -20"><span class='ocrx_word' id='word_1_69' title='bbox 181 1876 266 1926; x_wconf 91' lang='lat' dir='ltr'>usus</span> <span class='ocrx_word' id='word_1_70' title='bbox 296 1852 484 1925; x_wconf 88' lang='lat' dir='ltr'>Cataloniae</span> <span class='ocrx_word' id='word_1_71' title='bbox 516 1862 645 1938; x_wconf 83' lang='lat' dir='ltr'>nostrae</span> <span class='ocrx_word' id='word_1_72' title='bbox 672 1855 876 1946; x_wconf 82' lang='lat' dir='ltr'>provinciae,</span> <span class='ocrx_word' id='word_1_73' title='bbox 908 1855 968 1928; x_wconf 94' lang='lat' dir='ltr'>ubi</span> <span class='ocrx_word' id='word_1_74' title='bbox 1000 1857 1178 1934; x_wconf 82' lang='lat' dir='ltr'>benedicti</span> 
     </span>
     <span class='ocr_line' id='line_1_12' title="bbox 181 1973 1178 2074; baseline 0.006 -28"><span class='ocrx_word' id='word_1_75' title='bbox 181 1977 290 2046; x_wconf 89' lang='lat' dir='ltr'>semel</span> <span class='ocrx_word' id='word_1_76' title='bbox 308 1975 412 2046; x_wconf 86' lang='lat' dir='ltr'>fontis</span> <span class='ocrx_word' id='word_1_77' title='bbox 426 1973 655 2068; x_wconf 88' lang='lat' dir='ltr'>baptismalis,</span> <span class='ocrx_word' id='word_1_78' title='bbox 676 1975 710 2044; x_wconf 95' lang='lat' dir='ltr'>in</span> <span class='ocrx_word' id='word_1_79' title='bbox 725 1976 879 2062; x_wconf 76' lang='lat' dir='ltr'>sabbatis</span> <span class='ocrx_word' id='word_1_80' title='bbox 898 1980 1078 2074; x_wconf 90' lang='lat' dir='ltr'>utriusque</span> <span class='ocrx_word' id='word_1_81' title='bbox 1093 1983 1178 2052; x_wconf 88' lang='lat' dir='ltr'>Pas-</span> 
     </span>
     <span class='ocr_line' id='line_1_13' title="bbox 183 2097 1179 2194; baseline 0.007 -22"><span class='ocrx_word' id='word_1_82' title='bbox 183 2100 276 2186; x_wconf 88' lang='lat' dir='ltr'>cbae,</span> <span class='ocrx_word' id='word_1_83' title='bbox 287 2099 488 2194; x_wconf 85' lang='lat' dir='ltr'>priusquam</span> <span class='ocrx_word' id='word_1_84' title='bbox 503 2097 836 2182; x_wconf 88' lang='lat' dir='ltr'>adhibeaturoleum</span> <span class='ocrx_word' id='word_1_85' title='bbox 853 2114 1011 2186; x_wconf 85' lang='lat' dir='ltr'>sanctum</span> <span class='ocrx_word' id='word_1_86' title='bbox 1026 2105 1071 2174; x_wconf 92' lang='lat' dir='ltr'>ad</span> <span class='ocrx_word' id='word_1_87' title='bbox 1079 2128 1179 2180; x_wconf 88' lang='lat' dir='ltr'>usum</span> 
     </span>
     <span class='ocr_line' id='line_1_14' title="bbox 184 2205 1179 2322; baseline 0.002 -25"><span class='ocrx_word' id='word_1_88' title='bbox 184 2247 355 2312; x_wconf 88' lang='lat' dir='ltr'>annuum,</span> <span class='ocrx_word' id='word_1_89' title='bbox 370 2223 500 2295; x_wconf 91' lang='lat' dir='ltr'>nedum</span> <span class='ocrx_word' id='word_1_90' title='bbox 511 2225 707 2316; x_wconf 69' lang='lat' dir='ltr'>aspergitur</span> <span class='ocrx_word' id='word_1_91' title='bbox 718 2205 807 2316; x_wconf 90' lang='lat' dir='ltr'>aqua</span> <span class='ocrx_word' id='word_1_92' title='bbox 824 2225 1052 2297; x_wconf 72' lang='lat' dir='ltr'>circumstans</span> <span class='ocrx_word' id='word_1_93' title='bbox 1064 2249 1179 2322; x_wconf 92' lang='lat' dir='ltr'>popu-</span> 
     </span>
     <span class='ocr_line' id='line_1_15' title="bbox 184 2344 1180 2442; baseline 0.002 -24"><span class='ocrx_word' id='word_1_94' title='bbox 184 2347 252 2432; x_wconf 89' lang='lat' dir='ltr'>lus,</span> <span class='ocrx_word' id='word_1_95' title='bbox 265 2345 330 2417; x_wconf 90' lang='lat' dir='ltr'>sed</span> <span class='ocrx_word' id='word_1_96' title='bbox 343 2366 441 2416; x_wconf 81' lang='lat' dir='ltr'>exea</span> <span class='ocrx_word' id='word_1_97' title='bbox 457 2344 780 2430; x_wconf 90' lang='lat' dir='ltr'>bibuntadstantes,</span> <span class='ocrx_word' id='word_1_98' title='bbox 797 2345 1023 2440; x_wconf 80' lang='lat' dir='ltr'>deserturque</span> <span class='ocrx_word' id='word_1_99' title='bbox 1038 2350 1072 2418; x_wconf 92' lang='lat' dir='ltr'>in</span> <span class='ocrx_word' id='word_1_100' title='bbox 1087 2349 1180 2442; x_wconf 87' lang='lat' dir='ltr'>phia-</span> 
     </span>
     <span class='ocr_line' id='line_1_16' title="bbox 185 2465 1176 2563; baseline 0.004 -24"><span class='ocrx_word' id='word_1_101' title='bbox 185 2469 227 2540; x_wconf 87' lang='lat' dir='ltr'>lis</span> <span class='ocrx_word' id='word_1_102' title='bbox 245 2481 280 2539; x_wconf 89' lang='lat' dir='ltr'>et</span> <span class='ocrx_word' id='word_1_103' title='bbox 299 2467 476 2563; x_wconf 86' lang='lat' dir='ltr'>amphoris</span> <span class='ocrx_word' id='word_1_104' title='bbox 495 2465 624 2539; x_wconf 88' lang='lat' dir='ltr'>devote</span> <span class='ocrx_word' id='word_1_105' title='bbox 649 2489 727 2538; x_wconf 87' lang='lat' dir='ltr'>eam</span> <span class='ocrx_word' id='word_1_106' title='bbox 755 2467 931 2541; x_wconf 84' lang='lat' dir='ltr'>hausturis</span> <span class='ocrx_word' id='word_1_107' title='bbox 952 2471 1176 2559; x_wconf 65' lang='lat' dir='ltr'>absentibus,</span> 
     </span>
     <span class='ocr_line' id='line_1_17' title="bbox 185 2592 1174 2690; baseline 0.002 -28"><span class='ocrx_word' id='word_1_108' title='bbox 185 2592 269 2690; x_wconf 86' lang='lat' dir='ltr'>quin</span> <span class='ocrx_word' id='word_1_109' title='bbox 287 2605 462 2686; x_wconf 88' lang='lat' dir='ltr'>putemus,</span> <span class='ocrx_word' id='word_1_110' title='bbox 494 2601 554 2662; x_wconf 88' lang='lat' dir='ltr'>aut</span> <span class='ocrx_word' id='word_1_111' title='bbox 581 2593 693 2662; x_wconf 90' lang='lat' dir='ltr'>inesse</span> <span class='ocrx_word' id='word_1_112' title='bbox 711 2613 814 2684; x_wconf 89' lang='lat' dir='ltr'>aquae</span> <span class='ocrx_word' id='word_1_113' title='bbox 841 2593 890 2661; x_wconf 94' lang='lat' dir='ltr'>illi</span> <span class='ocrx_word' id='word_1_114' title='bbox 919 2593 1174 2686; x_wconf 87' lang='lat' dir='ltr'>baptismalem,</span> 
     </span>
     <span class='ocr_line' id='line_1_18' title="bbox 187 2709 1178 2808; baseline 0.002 -20"><span class='ocrx_word' id='word_1_115' title='bbox 187 2729 248 2788; x_wconf 86' lang='lat' dir='ltr'>aut</span> <span class='ocrx_word' id='word_1_116' title='bbox 265 2714 380 2788; x_wconf 88' lang='lat' dir='ltr'>eidem</span> <span class='ocrx_word' id='word_1_117' title='bbox 398 2715 521 2786; x_wconf 89' lang='lat' dir='ltr'>deesse</span> <span class='ocrx_word' id='word_1_118' title='bbox 538 2714 693 2785; x_wconf 86' lang='lat' dir='ltr'>divinam</span> <span class='ocrx_word' id='word_1_119' title='bbox 708 2716 860 2787; x_wconf 91' lang='lat' dir='ltr'>lustralis</span> <span class='ocrx_word' id='word_1_120' title='bbox 877 2709 978 2808; x_wconf 86' lang='lat' dir='ltr'>aquae</span> <span class='ocrx_word' id='word_1_121' title='bbox 997 2719 1178 2808; x_wconf 89' lang='lat' dir='ltr'>virtutem,</span> 
     </span>
     <span class='ocr_line' id='line_1_19' title="bbox 190 2836 1182 2932; baseline -0.001 -22"><span class='ocrx_word' id='word_1_122' title='bbox 190 2837 329 2910; x_wconf 87' lang='lat' dir='ltr'>levibus</span> <span class='ocrx_word' id='word_1_123' title='bbox 345 2838 540 2909; x_wconf 85' lang='lat' dir='ltr'>animarum</span> <span class='ocrx_word' id='word_1_124' title='bbox 562 2838 749 2932; x_wconf 85' lang='lat' dir='ltr'>expiandis</span> <span class='ocrx_word' id='word_1_125' title='bbox 770 2836 933 2909; x_wconf 89' lang='lat' dir='ltr'>sordibus</span> <span class='ocrx_word' id='word_1_126' title='bbox 949 2839 1081 2909; x_wconf 90' lang='lat' dir='ltr'>utilem.</span> <span class='ocrx_word' id='word_1_127' title='bbox 1100 2841 1182 2910; x_wconf 84' lang='lat' dir='ltr'>Sin-</span> 
     </span>
     <span class='ocr_line' id='line_1_20' title="bbox 187 2963 1181 3060; baseline 0 -24"><span class='ocrx_word' id='word_1_128' title='bbox 187 2964 319 3060; x_wconf 80' lang='lat' dir='ltr'>gularis</span> <span class='ocrx_word' id='word_1_129' title='bbox 337 2965 574 3058; x_wconf 89' lang='lat' dir='ltr'>antiquiorum</span> <span class='ocrx_word' id='word_1_130' title='bbox 584 2964 824 3035; x_wconf 87' lang='lat' dir='ltr'>Ruthenurum</span> <span class='ocrx_word' id='word_1_131' title='bbox 841 2963 1031 3056; x_wconf 87' lang='lat' dir='ltr'>(correctus</span> <span class='ocrx_word' id='word_1_132' title='bbox 1043 2964 1181 3054; x_wconf 89' lang='lat' dir='ltr'>jamdiu</span> 
     </span>
     <span class='ocr_line' id='line_1_21' title="bbox 188 3061 1184 3182; baseline -0.001 -23"><span class='ocrx_word' id='word_1_133' title='bbox 188 3089 219 3161; x_wconf 91' lang='lat' dir='ltr'>si</span> <span class='ocrx_word' id='word_1_134' title='bbox 233 3089 309 3172; x_wconf 88' lang='lat' dir='ltr'>tuit,</span> <span class='ocrx_word' id='word_1_135' title='bbox 322 3108 497 3182; x_wconf 86' lang='lat' dir='ltr'>quemque</span> <span class='ocrx_word' id='word_1_136' title='bbox 509 3061 576 3178; x_wconf 80' lang='lat' dir='ltr'>ego</span> <span class='ocrx_word' id='word_1_137' title='bbox 605 3086 668 3158; x_wconf 80' lang='lat' dir='ltr'>vix</span> <span class='ocrx_word' id='word_1_138' title='bbox 682 3085 835 3179; x_wconf 77' lang='lat' dir='ltr'>credam)</span> <span class='ocrx_word' id='word_1_139' title='bbox 850 3087 910 3178; x_wconf 92' lang='lat' dir='ltr'>qui</span> <span class='ocrx_word' id='word_1_140' title='bbox 924 3087 1051 3179; x_wconf 82' lang='lat' dir='ltr'>legitur</span> <span class='ocrx_word' id='word_1_141' title='bbox 1065 3088 1184 3180; x_wconf 81' lang='lat' dir='ltr'>(igno-</span> 
     </span>
     <span class='ocr_line' id='line_1_22' title="bbox 188 3208 1182 3305; baseline 0.002 -25"><span class='ocrx_word' id='word_1_142' title='bbox 188 3211 305 3282; x_wconf 90' lang='lat' dir='ltr'>rantia</span> <span class='ocrx_word' id='word_1_143' title='bbox 321 3211 434 3305; x_wconf 88' lang='lat' dir='ltr'>potius</span> <span class='ocrx_word' id='word_1_144' title='bbox 446 3209 563 3302; x_wconf 82' lang='lat' dir='ltr'>quam]</span> <span class='ocrx_word' id='word_1_145' title='bbox 579 3229 677 3280; x_wconf 91' lang='lat' dir='ltr'>error</span> <span class='ocrx_word' id='word_1_146' title='bbox 690 3230 793 3280; x_wconf 91' lang='lat' dir='ltr'>omne</span> <span class='ocrx_word' id='word_1_147' title='bbox 806 3208 952 3280; x_wconf 93' lang='lat' dir='ltr'>dubium</span> <span class='ocrx_word' id='word_1_148' title='bbox 970 3209 1071 3292; x_wconf 88' lang='lat' dir='ltr'>tollit,</span> <span class='ocrx_word' id='word_1_149' title='bbox 1087 3210 1182 3302; x_wconf 92' lang='lat' dir='ltr'>quud</span> 
     </span>
     <span class='ocr_line' id='line_1_23' title="bbox 190 3332 1184 3430; baseline -0.001 -23"><span class='ocrx_word' id='word_1_150' title='bbox 190 3356 371 3430; x_wconf 89' lang='lat' dir='ltr'>nunquam</span> <span class='ocrx_word' id='word_1_151' title='bbox 392 3333 661 3405; x_wconf 87' lang='lat' dir='ltr'>ministrandum</span> <span class='ocrx_word' id='word_1_152' title='bbox 682 3343 938 3404; x_wconf 89' lang='lat' dir='ltr'>sacramentum</span> <span class='ocrx_word' id='word_1_153' title='bbox 964 3332 1044 3418; x_wconf 91' lang='lat' dir='ltr'>hoc,</span> <span class='ocrx_word' id='word_1_154' title='bbox 1065 3336 1131 3406; x_wconf 88' lang='lat' dir='ltr'>nisi</span> <span class='ocrx_word' id='word_1_155' title='bbox 1147 3338 1184 3406; x_wconf 95' lang='lat' dir='ltr'>in</span> 
     </span>
     <span class='ocr_line' id='line_1_24' title="bbox 187 3437 1183 3538; baseline 0 -8"><span class='ocrx_word' id='word_1_156' title='bbox 187 3469 350 3538; x_wconf 36' lang='lat' dir='ltr'>&#39;extrema</span> <span class='ocrx_word' id='word_1_157' title='bbox 367 3457 470 3530; x_wconf 91' lang='lat' dir='ltr'>valde</span> <span class='ocrx_word' id='word_1_158' title='bbox 488 3437 698 3531; x_wconf 77' lang='lat' dir='ltr'>necessitate</span> <span class='ocrx_word' id='word_1_159' title='bbox 713 3457 943 3536; x_wconf 82' lang='lat' dir='ltr'>crediderint.</span> <span class='ocrx_word' id='word_1_160' title='bbox 965 3461 1183 3530; x_wconf 88' lang='lat' dir='ltr'>Accusantur</span> 
     </span>
     <span class='ocr_line' id='line_1_25' title="bbox 190 3581 1184 3674; baseline 0.005 -25"><span class='ocrx_word' id='word_1_161' title='bbox 190 3582 334 3666; x_wconf 89' lang='lat' dir='ltr'>etenim,</span> <span class='ocrx_word' id='word_1_162' title='bbox 364 3581 411 3655; x_wconf 85' lang='lat' dir='ltr'>ita</span> <span class='ocrx_word' id='word_1_163' title='bbox 432 3583 541 3654; x_wconf 89' lang='lat' dir='ltr'>semel</span> <span class='ocrx_word' id='word_1_164' title='bbox 558 3591 717 3670; x_wconf 70' lang='lat' dir='ltr'>eutreme</span> <span class='ocrx_word' id='word_1_165' title='bbox 748 3592 872 3656; x_wconf 82' lang='lat' dir='ltr'>unctos</span> <span class='ocrx_word' id='word_1_166' title='bbox 897 3593 1049 3674; x_wconf 69' lang='lat' dir='ltr'>egrotos</span> <span class='ocrx_word' id='word_1_167' title='bbox 1082 3583 1184 3654; x_wconf 84' lang='lat' dir='ltr'>aesli-</span> 
     </span>
     <span class='ocr_line' id='line_1_26' title="bbox 191 3706 1192 3798; baseline -0.007 -16"><span class='ocrx_word' id='word_1_168' title='bbox 191 3728 306 3782; x_wconf 86' lang='lat' dir='ltr'>masse</span> <span class='ocrx_word' id='word_1_169' title='bbox 323 3707 429 3780; x_wconf 91' lang='lat' dir='ltr'>morti</span> <span class='ocrx_word' id='word_1_170' title='bbox 440 3706 670 3798; x_wconf 84' lang='lat' dir='ltr'>adjudicatos,</span> <span class='ocrx_word' id='word_1_171' title='bbox 683 3707 858 3798; x_wconf 88' lang='lat' dir='ltr'>rebusque</span> <span class='ocrx_word' id='word_1_172' title='bbox 870 3706 1003 3779; x_wconf 88' lang='lat' dir='ltr'>cunctis</span> <span class='ocrx_word' id='word_1_173' title='bbox 1021 3707 1192 3780; x_wconf 70' lang='lat' dir='ltr'>humanis,</span> 
     </span>
     <span class='ocr_line' id='line_1_27' title="bbox 192 3827 1184 3924; baseline 0.001 -23"><span class='ocrx_word' id='word_1_174' title='bbox 192 3830 417 3916; x_wconf 85' lang='lat' dir='ltr'>valedixisse,</span> <span class='ocrx_word' id='word_1_175' title='bbox 442 3842 479 3904; x_wconf 88' lang='lat' dir='ltr'>ut</span> <span class='ocrx_word' id='word_1_176' title='bbox 497 3840 572 3924; x_wconf 90' lang='lat' dir='ltr'>pust</span> <span class='ocrx_word' id='word_1_177' title='bbox 598 3831 633 3904; x_wconf 87' lang='lat' dir='ltr'>S.</span> <span class='ocrx_word' id='word_1_178' title='bbox 660 3830 796 3916; x_wconf 89' lang='lat' dir='ltr'>Oleum,</span> <span class='ocrx_word' id='word_1_179' title='bbox 818 3850 883 3900; x_wconf 92' lang='lat' dir='ltr'>nec</span> <span class='ocrx_word' id='word_1_180' title='bbox 906 3827 1010 3901; x_wconf 87' lang='lat' dir='ltr'>ullam</span> <span class='ocrx_word' id='word_1_181' title='bbox 1037 3827 1184 3902; x_wconf 84' lang='lat' dir='ltr'>medici-</span> 
     </span>
    </p>
   </div>
   <div class='ocr_carea' id='block_1_4' title="bbox 184 3937 1184 4050">
    <p class='ocr_par' dir='ltr' id='par_1_4' title="bbox 184 3937 1184 4050">
     <span class='ocr_line' id='line_1_28' title="bbox 184 3937 1184 4050; baseline -0.006 -14"><span class='ocrx_word' id='word_1_182' title='bbox 184 3982 287 4050; x_wconf 87' lang='lat' dir='ltr'>nam,</span> <span class='ocrx_word' id='word_1_183' title='bbox 317 3982 382 4048; x_wconf 87' lang='lat' dir='ltr'>nec</span> <span class='ocrx_word' id='word_1_184' title='bbox 410 3960 624 4035; x_wconf 86' lang='lat' dir='ltr'>levissimum</span> <span class='ocrx_word' id='word_1_185' title='bbox 644 3958 759 4040; x_wconf 87' lang='lat' dir='ltr'>adbuc</span> <span class='ocrx_word' id='word_1_186' title='bbox 778 3958 829 4033; x_wconf 86' lang='lat' dir='ltr'>eis</span> <span class='ocrx_word' id='word_1_187' title='bbox 854 3937 972 4048; x_wconf 76' lang='lat' dir='ltr'>largiti</span> <span class='ocrx_word' id='word_1_188' title='bbox 993 3957 1097 4029; x_wconf 88' lang='lat' dir='ltr'>fuerit</span> <span class='ocrx_word' id='word_1_189' title='bbox 1113 3957 1184 4030; x_wconf 82' lang='lat' dir='ltr'>ali-</span> 
     </span>
    </p>
   </div>
   <div class='ocr_carea' id='block_1_5' title="bbox 0 0 1584 5126">
    <p class='ocr_par' dir='ltr' id='par_1_5' title="bbox 0 0 1584 5126">
     <span class='ocr_line' id='line_1_29' title="bbox 0 0 1584 5126; baseline 0 0"><span class='ocrx_word' id='word_1_190' title='bbox 0 0 1584 5126; x_wconf 95' lang='lat' dir='ltr'> </span> 
     </span>
    </p>
   </div>
  </div>
 </body>
</html>
