3172 5130
812 603 994 664 -lte-

404 783 569 855 Ecclesiae
585 783 824 875 pharmacum,
845 781 933 850 nitra
951 779 1176 850 Trideudiuae
1192 779 1316 872 synodi
1330 777 1396 848 de-

315 973 321 985 ,
403 919 512 987 creta,
530 905 564 972 in
584 901 795 968 catechismo
820 924 886 997 pro
912 902 1071 995 parochis
1088 901 1132 972 ad
1152 901 1288 994 plebem
1304 899 1395 970 edo-

403 1029 548 1100 cendam
581 1027 751 1120 disposito
782 1056 789 1098 :
815 1040 852 1097 ut
870 1028 943 1119 ipse
966 1047 1117 1119 quoque,
1147 1026 1234 1096 ultra
1264 1026 1394 1120 triplex

403 1175 606 1245 responsum
635 1151 841 1246 patriarchae
859 1141 1044 1221 Hieremiae
1069 1149 1393 1224 adcoufessionem

400 1277 652 1368 Augustanam‚
675 1275 762 1344 ultra
780 1276 962 1362 refutatam
980 1276 1102 1342 iterato
1115 1273 1218 1342 aliam
1236 1274 1383 1351 Luoarii,

403 1403 562 1492 ultraque
574 1399 845 1493 piuresGraeciae
862 1397 1047 1491 synodicas
1060 1397 1271 1476 sanctiones,
1286 1399 1393 1470 alium

401 1545 540 1617 quoque
557 1523 803 1592 catechismum
821 1521 999 1592 ordinaret
1018 1541 1079 1612 pro
1099 1519 1211 1611 plebe.
1235 1521 1393 1592 Eundem

400 1667 487 1736 ergo
498 1643 565 1716 sibi
580 1665 722 1736 scopum
739 1643 933 1737 praefixisse
942 1643 1014 1732 jam
1032 1641 1192 1721 vidimus,
1204 1635 1306 1706 nocis
1320 1655 1391 1712 tum

404 1782 538 1852 sciiicet
552 1776 791 1842 sectariorum
805 1773 1047 1860 opinionibus,
1062 1789 1097 1847 et
1108 1789 1187 1856 quae
1197 1776 1272 1836 turn
1285 1779 1393 1857 caput

400 1901 560 1966 attollere
585 1903 776 1984 coeperant,
803 1897 950 1964 nooitiis
981 1895 1248 1980 opinationibus
1272 1915 1394 1963 occur-

399 2027 493 2086 rere,
512 2033 616 2106 quern
636 2009 895 2082 Cathechismus
917 2012 1087 2079 Romanus
1105 2020 1327 2100 expresserat
1356 2012 1393 2081 iu

401 2139 536 2232 praefat.
552 2147 636 2206 sect,
655 2137 689 2203 6.
707 2160 722 2199 u

432 2351 500 2402 Echo
513 2351 568 2418 fid„
583 2361 646 2419 part.
667 2351 688 2402 l.
702 2353 757 2416 ipso
770 2349 853 2399 initio.

796 2540 1025 2560 Ἣ

616 2765 836 2836 urruuotx
853 2767 882 2833 v
899 2766 966 2873 (aa.
986 2787 1065 2858 pag.
1089 2767 1158 2859 33).
1238 2745 1240 2751 ‘

453 3009 513 3075 «A
531 3006 659 3075 Latinis
678 2989 796 3074 vitiato
811 3006 1042 3099 exemplaria,
1054 3007 1187 3077 nuilum
1203 3009 1387 3078 concilium

306 3193 312 3202 .
400 3131 578 3214 decrevit3
613 3129 787 3199 aGraecis
815 3129 1074 3221 (antiquissimis
1101 3131 1218 3222 etiam)
1252 3133 1382 3224 utique.

400 3258 506 3327 Sexta
522 3252 676 3348 synodus
701 3255 875 3344 generalis
892 3275 953 3322 seu
972 3254 1150 3346 Cpolitaua
1168 3255 1208 3323 iii
1226 3255 1389 3326 videatur

397 3377 546 3470 (actii).
577 3378 679 3446 Lecta
706 3389 788 3445 suut
816 3389 891 3446 acta
921 3377 1159 3448 antecedentis
1186 3379 1310 3472 synodi
1335 3377 1386 3462 V;

395 3500 491 3570 etad
510 3497 707 3569 instantiam
727 3499 932 3590 Legatorum
961 3501 1194 3571 Romanorum
1218 3503 1386 3596 expetitis

395 3623 624 3716 originalibus
647 3624 802 3694 dicitur:
832 3650 847 3689 a
876 3625 916 3693 Et
941 3625 1163 3716 inspicientes
1196 3627 1385 3720 imperator

396 3765 465 3817 uua
490 3768 568 3816 cum
583 3744 762 3838 judicibus
780 3757 814 3814 ct
830 3745 1035 3838 quibusdam
1054 3747 1098 3816 tie
1115 3760 1233 3816 sancta
1251 3747 1388 3842 synodo

393 3869 579 3962 episcopis,
591 3869 800 3939 invenerunt.
813 3881 883 3937 tres
899 3869 1149 3960 quaterniones
1165 3873 1199 3939 in
1215 3873 1388 3966 principio

396 3991 476 4062 libri
508 3993 656 4077 additos,
698 4013 767 4062 nou
798 3991 965 4062 habentes
1001 3987 1280 4068 subnotationem
1318 4021 1386 4070 uu·
