3148 5132
630 657 823 710 ...xxv-

232 830 382 900 Ecclesia
402 831 498 918 capiti
508 828 692 918 obsequium
705 833 891 920 praestitisse
913 853 984 902 cum
1012 835 1141 919 illatio,
1162 837 1223 906 Ar·

234 955 668 1038 cudio,Goaricdocucrealii
688 957 767 1026 bene
782 958 888 1025 multi.
912 958 979 1026 Nec
994 959 1089 1026 aliter
1110 961 1226 1030 sentie-

234 1080 290 1146 bat
302 1079 426 1158 Ribera,
439 1078 537 1145 immo
559 1077 692 1144 forsitan
716 1097 803 1162 aequo
823 1078 950 1164 longius
971 1098 1154 1164 progressus
1167 1081 1226 1150 est.

234 1203 305 1268 Non
319 1199 423 1268 solum
434 1199 518 1265 enim
528 1200 566 1266 ab
578 1201 711 1284 utraque
723 1199 867 1266 Ecclesia
878 1199 962 1267 idem
971 1202 1099 1286 proponi
1109 1201 1149 1268 ad
1159 1221 1227 1272 cra-

235 1323 374 1390 dendum
389 1322 490 1398 docet,
507 1321 563 1388 sed
579 1321 771 1388 differentias
793 1340 898 1389 omnes
918 1323 1033 1407 quibus
1052 1324 1156 1392 Graeci
1177 1343 1227 1394 sc·

233 1445 383 1528 parantur
393 1460 412 1508 a
421 1441 543 1507 Latinis
557 1443 624 1507 tam
635 1440 851 1526 parvipendit,
866 1441 903 1506 nt
912 1440 1230 1524 discrepatioocolcs

235 1581 304 1631 esse
318 1562 415 1639 dicat,
431 1559 590 1626 deflendas
615 1560 751 1644 quidem,
770 1561 804 1626 at
818 1579 888 1644 quae
903 1560 1100 1629 facillimime
1122 1563 1229 1632 elimi-

235 1686 395 1764 narentur,
409 1681 438 1748 si
450 1682 529 1748 bono
542 1681 646 1748 animo
655 1681 804 1765 utrinque
827 1681 1034 1762 tractaretur;
1055 1681 1104 1748 vel
1128 1682 1227 1752 ηειδε-

234 1801 335 1877 cotos,
353 1801 451 1868 asole
469 1799 604 1886 justitiae
624 1818 696 1866 mcx
709 1799 917 1885 dissipandas.

276 1921 364 2004 Quod
377 1923 481 2008 maJus
499 1921 556 2004 est,
578 1921 755 1989 Ecclesiam
775 1920 1012 1988 Moscoriticam
1034 1923 1150 1990 tractat
1176 1923 1228 1992 be·

234 2043 328 2130 nigre
339 2042 425 2126 adeo,
437 2045 476 2110 ut
486 2061 555 2110 eam
567 2062 586 2110 a
596 2043 765 2110 schismate
776 2043 902 2111 formali
914 2062 950 2110 ac
964 2043 1090 2128 publico
1101 2047 1229 2126 censeat

235 2161 1227 2248 eesepeneimmunom,eoquodnunquamsyoodo'ccaltomana

228 2285 563 2366 „Ecclesiasecesserit
585 2285 642 2352 aut
664 2283 789 2368 aliquid
800 2287 907 2351 contra
924 2284 1097 2350 Romanam
1109 2285 1223 2352 Sedent
1311 2275 1314 2296 '

184 2487 186 2490 Α
234 2408 383 2494 synodice
396 2407 564 2489 definierit,
583 2406 646 2490 sed,
663 2408 701 2473 ut
713 2407 813 2492 ipsius
836 2407 938 2473 verbis
954 2410 1034 2488 utar,
1051 2406 1225 2474 abstracti·

233 2556 307 2601 vore
332 2532 617 2616 indepeodcottom
656 2533 835 2610 servaverit,
867 2550 962 2614 quam
991 2532 1227 2616 patriarchatus

235 2653 400 2721 orientales
410 2653 555 2718 canonice
570 2651 717 2726 stabiliti,
732 2650 906 2718 secundum
927 2651 1057 2734 antiqua
1076 2650 1226 2718 Ecclesiae

231 2776 313 2860 jura,
321 2775 494 2840 immunem
504 2773 544 2838 ab
555 2771 640 2838 omni
653 2770 833 2838 schismatis
844 2770 918 2836 nota
929 2769 1109 2836 tuebantur.
1117 2768 1227 2854 (Respo.

233 2894 425 2979 Antapolop.
440 2895 515 2959 sect.
527 2893 553 2974 Ι,
567 2906 602 2958 n⁰
618 2892 682 2977 11.)

276 3054 325 3120 15.
339 3053 386 3119 De
401 3050 556 3117 Societate
571 3052 678 3116 nostra
693 3049 769 3134 quid
789 3048 922 3116 senserit
934 3049 970 3115 P.
989 3048 1113 3130 littora,
1124 3067 1225 3134 quove

232 3176 336 3242 animo
363 3173 397 3238 in
421 3191 492 3238 eam
516 3169 613 3236 suerit
637 3188 816 3262 propensus,
842 3169 962 3236 faciunt
976 3168 1080 3254 palam
1099 3189 1135 3236 ea
1156 3189 1225 3254 quse

233 3295 360 3380 scripsit
375 3293 526 3360 adversus
539 3291 714 3372 Buddcum‚
730 3289 783 3373 qui
796 3289 952 3374 Stephano
965 3289 987 3357 J
988 3290 1132 3356 arorskio
1147 3310 1217 3360 ver·

232 3413 315 3478 terat
343 3409 452 3492 probro
467 3407 625 3492 quoditie
646 3407 821 3474 doctrinam
841 3425 932 3474 susm
953 3425 972 3473 a
996 3406 1145 3473 Patribus
1165 3408 1223 3480 So·

231 3531 354 3602 cietatis
365 3531 447 3598 Jesn
457 3529 540 3595 esset
550 3529 727 3595 mutuatus.

275 3678 289 3711 ι
322 3651 360 3717 ln
388 3649 591 3716 sacerrimum
611 3648 774 3717 Jesuitieae
798 3647 964 3716 societatis
990 3647 1116 3731 coetum,
1148 3649 1223 3718 reli·

229 3772 505 3860 gicsissimumque
529 3767 669 3836 ordinem
685 3767 906 3845 debacchatus,
933 3767 1025 3854 putat
1047 3767 1225 3854 apologista

231 3889 403 3977 (Bnddeus)
416 3905 450 3954 se
459 3885 648 3953 satisfecisse
658 3885 831 3966 Javorskio;
839 3885 989 3970 illiusque
999 3885 1142 3953 studium
1150 3905 1224 3978 erga

229 4011 403 4100 Romanam
412 4004 729 4092 Ecclesiam,illosque
741 4005 811 4092 qni«
820 4004 1027 4090 praeclpoom
1036 4004 1225 4091 eojospar-
