3148 5132
626 584 793 646 ...19-

211 752 357 830 solemni
365 750 526 836 transitu,
538 759 658 845 postea
673 772 743 822 non
757 754 914 824 amoveri
929 764 1063 842 curant,
1078 755 1202 828 ultimo

212 877 246 948 iu
273 875 471 948 desertores
499 874 679 970 supplicio.
711 876 1005 960 Reconciliandis,
1029 890 1067 950 ut
1089 878 1202 968 aiunt,

212 1003 401 1088 haereticis,
426 1001 572 1072 formula
588 999 813 1091 abjurationis
838 1011 983 1074 utuntur
1003 1003 1205 1098 :expressis

214 1129 251 1200 in
279 1149 322 1203 ea
346 1127 484 1199 Arianis
501 1125 708 1218 caeterisque
725 1125 867 1212 Graecis,
897 1127 1106 1200 Lutheranis
1132 1149 1205 1200 cae·

213 1251 366 1341 terisque
381 1247 523 1332 Latinis,
537 1269 623 1340 quos
634 1247 787 1318 Ecclesia
801 1247 999 1341 proscripsit
1011 1247 1204 1342 hucusque,

213 1370 430 1444 detestandis
439 1371 482 1440 ab
495 1368 710 1442 admittendo
720 1369 755 1438 iu
770 1369 982 1441 Orientalem
995 1369 1205 1446 Rutheuam.

215 1498 312 1570 Hanc
335 1495 593 1589 protestationis
615 1493 812 1578 formulam,
833 1515 854 1564 a
884 1497 1060 1568 nonnullis
1092 1513 1209 1568 corrui

215 1630 310 1714 ptam
329 1639 376 1689 ex
393 1618 487 1702 odio,
498 1617 544 1688 ita
562 1629 600 1689 ut
619 1619 789 1688 Romanos
806 1617 877 1710 (aut
890 1619 1073 1690 lutherana
1091 1618 1209 1714 phrasi

216 1742 380 1838 papistas)
409 1740 570 1812 vitandus
600 1741 821 1835 exprimeret,
851 1743 1048 1837 Stephanus
1077 1743 1208 1815 lavor·-

131 1891 135 1898 ·
215 1865 312 1936 skins
325 1863 489 1960 (exarcha
500 1863 766 1958 patriarchatus
785 1875 822 1936 ut
840 1864 1018 1958 diximus),
1031 1866 1210 1938 communi

217 1989 296 2060 usui
318 1988 532 2070 reformavit,
552 1999 586 2056 et
604 2007 732 2078 graecae
747 2008 843 2060 verae
862 1989 1005 2086 puritati
1036 1987 1206 2060 restituit:

217 2117 256 2180 ut
269 2129 356 2180 voce
373 2112 465 2179 omni
478 2112 710 2182 Romanorum
724 2121 782 2181 aut
801 2111 1001 2182 Latinorum
1017 2123 1205 2204 expuncta,

218 2229 282 2302 hos
299 2232 407 2304 veluti
423 2232 607 2303 haereticos
621 2254 691 2302 non
707 2231 886 2304 habendos
902 2234 1078 2326 sapienter
1090 2233 1209 2326 expri-

219 2363 343 2424 meret.
364 2354 465 2438 Hinc,
490 2365 539 2426 tot
555 2355 694 2448 scriptis
711 2354 755 2426 de
778 2355 1015 2426 Ruthenorum
1033 2355 1067 2424 in
1082 2355 1211 2426 Roma-

210 2499 283 2567 nos
308 2479 482 2548 communi
508 2477 589 2548 odio
619 2476 818 2548 fictionibus
835 2498 994 2549 occurro.
1028 2478 1100 2548 Nec
1116 2477 1211 2550 enim

220 2600 347 2672 minori
361 2599 547 2672 securitate
562 2598 598 2670 id
615 2619 747 2685 assero,
767 2619 872 2692 quam
885 2599 946 2691 qui
963 2597 1071 2670 semel
1088 2597 1212 2668 incon-

219 2723 471 2797 sideratissimo
495 2722 779 2795 archimandritas
810 2723 853 2816 (ei
879 2744 983 2815 quem
1001 2741 1106 2814 supra
1124 2720 1161 2790 in
1178 2718 1209 2792 Ι.

222 2850 314 2920 Part.
335 2850 427 2920 circa
440 2872 499 2942 qu.
513 2848 573 2920 it.
592 2849 663 2938 52.
683 2859 718 2917 n⁰
735 2845 771 2933 7,
790 2849 915 2940 Papam
929 2869 1007 2918 cum
1021 2847 1212 2918 haeresiar-

217 2969 292 3042 chis
308 2971 481 3041 locantem
500 2971 626 3063 retuli),
649 2971 694 3064 (t)
710 2970 978 3064 improperatus,
997 2968 1091 3062 quod
1111 2967 1215 3040 Sueei

219 3090 401 3182 cujusdam
414 3091 668 3184 abjurationem
685 3101 902 3185 recepturus,
920 3091 1011 3162 inter
1030 3089 1216 3162 haereticos

221 3212 325 3307 adjici
352 3215 504 3308 papistas
529 3213 647 3285 adhoc
673 3213 791 3285 eidem
815 3213 1055 3308 imposuisset3
1072 3213 1217 3286 comites

207 3319 401 3408 ‘Rurhenos
429 3337 570 3408 eosdem
600 3336 707 3409 habui
726 3338 890 3432 praelatos
907 3338 1035 3433 plures,
1056 3337 1218 3427 supradi-

222 3468 315 3530 ctam
329 3481 349 3530 a
361 3460 541 3534 Javorskio
555 3463 746 3554 regulatam
760 3461 945 3534 formulam
974 3459 1219 3534 assumendam

224 3605 301 3656 esse
314 3583 746 3680 dicentesinjmiosasque
763 3586 865 3658 nobis
889 3594 1035 3658 caeteras
1049 3606 1220 3680 respuen-

224 3703 309 3790 des3
328 3727 520 3801 vocemque
537 3708 765 3802 papistarum‚
782 3707 1118 3782 velutlutheranum
1131 3706 1219 3786 idio·

261 3947 303 4023 (1)
315 3948 389 4024 App.
405 3949 442 4008 11.
