3172 5130
690 686 872 753 -177.-

278 867 532 944 consulendum
545 869 707 961 elegerit,
721 889 784 941 suo
794 867 1015 960 aliorumque
1027 867 1180 954 nomine,
1192 891 1273 942 eru·

277 995 471 1068 ditissimus
483 1006 519 1066 et
544 996 669 1067 Rever.
692 993 883 1067 admodum
914 995 953 1066 P.
970 993 1018 1066 M.
1035 995 1093 1066 Fr.
1111 992 1274 1086 Salvator

279 1117 445 1204 Ascanio,
459 1118 634 1190 confrater
648 1118 684 1189 in
698 1115 882 1190 Praedicat.
904 1115 1036 1188 Ordine
1048 1126 1084 1188 et
1099 1118 1276 1213 Hispaniae
1313 1119 1316 1128 '

281 1242 441 1314 minister
449 1239 542 1336 apud
553 1241 717 1336 Magnum
731 1242 862 1314 Ducem
873 1233 1036 1314 Etruriae.
1047 1241 1136 1313 Huic
1145 1243 1278 1316 satisfa-

241 1382 245 1388 ’
280 1373 401 1435 cturus
419 1361 549 1434 nedum
569 1363 741 1456 originale
759 1335 1028 1455 chirographum
1047 1363 1141 1458 typis
1162 1363 1278 1435 slavo·

282 1485 361 1556 uice
377 1493 578 1570 exaratum,
594 1485 699 1555 iatine
716 1505 737 1554 a
752 1482 911 1577 pluribus
925 1481 1016 1554 inter
1026 1504 1064 1554 se
1076 1483 1207 1572 insciis,
1223 1505 1279 1557 me

283 1606 505 1680 describente
522 1630 663 1680 versum
679 1606 813 1688 remisi,
833 1603 928 1700 apud
945 1627 1002 1676 me
1019 1627 1158 1702 quoque
1172 1611 1277 1704 inve-

284 1730 476 1816 niendum;
495 1729 558 1802 sed
575 1742 610 1802 et
625 1729 778 1802 radicem
790 1730 876 1801 ritus
893 1729 996 1822 hujus
1016 1730 1163 1824 piissimi
1182 1733 1281 1806 inve·

287 1853 429 1947 sugant,
450 1852 728 1948 deceptoresque
759 1875 801 1924 ac
819 1854 945 1925 horum
961 1855 1094 1927 motiva
1107 1855 1152 1927 ad
1165 1843 1299 1932 detra-⁵

286 1975 443 2048 handum
457 1976 625 2050 Ruthenis
642 1987 778 2047 matura
805 1977 1029 2070 inquisitione
1041 1977 1283 2056 detexiFaisa

288 2109 425 2195 oportet
445 2099 596 2193 primum
623 2100 781 2191 rejicere,
814 2098 898 2196 dum
915 2121 1084 2172 conamur
1103 2123 1186 2174 vera
1208 2115 1284 2176 sta-

285 2221 402 2296 bilire.

338 2402 414 2420 .....
437 2347 566 2418 Sueoos
584 2345 700 2417 notari
720 2354 880 2416 auctores
912 2346 1109 2420 referendae
1128 2347 1288 2421 falsitatis

290 2481 461 2566 quotquot
476 2469 552 2540 iere
569 2467 645 2540 vidi
664 2496 671 2540 :
694 2488 825 2562 eosque
852 2469 1069 2542 contumeliis
1082 2468 1286 2543 irridendis·

285 2614 356 2687 que
369 2590 434 2665 sibi
447 2591 626 2687 imputatis
644 2590 770 2662 fabulis
786 2590 922 2684 eligunt
948 2592 1154 2687 insipientes
1169 2581 1307 2670 osten-c¹
1333 2646 1335 2650 -

290 2713 388 2802 dere,
420 2735 508 2808 quos
534 2736 600 2786 nec
627 2734 804 2786 armorum
822 2713 859 2784 vi
884 2715 1004 2788 valent
1023 2716 1200 2810 subigere,
1219 2738 1286 2789 neo

181 2833 182 2837 ’
291 2839 476 2912 lutherana
493 2838 664 2910 charitate
687 2845 893 2932 pervertere

335 2961 470 3056 Incepit
498 2961 621 3032 Petrus
638 2960 807 3052 Petreius,
831 2959 976 3033 Gustaui
994 2959 1146 3054 Adoiphi
1170 2975 1288 3036 orator

290 3085 337 3158 ad
354 3084 719 3172 aulamMoscoviae,in
733 3105 796 3156 sua
809 3086 1064 3172 Scioprupiia
1075 3107 1178 3177 quam
1194 3089 1286 3160 inter

292 3210 461 3305 pleraque
490 3209 726 3281 consarcinata
757 3206 939 3279 mendacia
966 3205 1032 3277 hoc
1060 3230 1151 3281 novo
1179 3211 1290 3306 replet

292 3332 367 3430 (lib.
387 3334 422 3418 6,
447 3356 481 3428 p.
508 3330 590 3428 18):
626 3335 839 3402 Mcscooitor
863 3331 1008 3403 mortuis
1041 3332 1181 3406 tradere
1205 3339 1289 3426 cpi-
1395 3355 1397 3362 ·

291 3462 420 3530 stolam
436 3461 638 3552 quamaalui
651 3457 845 3527 conductus
854 3461 969 3538 vocat,
984 3454 1185 3559 formulario
1194 3454 1291 3551 quod

295 3578 397 3673 fingit
414 3580 503 3652 inira
521 3577 706 3651 tradendo.
727 3577 769 3650 Id
787 3575 914 3672 repetit
931 3575 1086 3648 Adamne
1115 3577 1288 3664 otcarius,

296 3703 475 3776 Frederici
503 3703 671 3776 Hatsatiae
694 3701 798 3772 Ducis
825 3699 1123 3807 bibliothecarius.
1142 3701 1233 3772 Num
1261 3702 1291 3774 ia

297 3827 431 3902 Suecus
459 3826 564 3897 fuerit
581 3825 725 3910 nescio;
753 3822 957 3894 devinctum
977 3822 1185 3896 scioSuecis
1210 3802 1290 3898 cum

299 3948 456 4048 principe
474 3948 534 4042 qui
545 3947 651 4020 filiam
660 3944 996 4038 HedwipemSuecis
1009 3947 1166 4040 reginam
1180 3945 1292 4019 dede·

299 4083 369 4160 rat,
389 4068 483 4144 unde
497 4069 662 4146 Holsatiae
677 4081 714 4143 et
727 4065 1172 4163 SueciaeJ'urnputabantur
1189 4088 1290 4140 com·
1322 4143 1323 4146 a
