3124 5126
809 586 995 652 -tot-

405 768 511 840 tiauis
532 789 612 861 quae
647 768 862 862 irrepserunt
886 767 1011 838 erratis
1040 765 1272 840 emendanda.
1303 766 1397 840 inter

405 902 558 963 vestram
593 901 628 962 et
663 893 853 963 Romanam
878 890 1070 962 Ecclesiam
1106 889 1219 982 paries
1254 904 1397 966 erectus

406 1023 458 1082 est
483 1013 687 1084 schismatis.
709 1007 864 1105 Scupuiis
881 1021 1042 1105 quatuor,
1063 1021 1100 1082 ut
1131 1011 1298 1095 vidimus,
1326 1036 1399 1084 an-

406 1137 507 1230 gulos
519 1137 682 1208 solidatos
698 1137 791 1210 istud
810 1135 972 1221 ruborat;
987 1131 1202 1226 caeteroquin
1222 1157 1301 1208 eum
1322 1160 1392 1210 uon

407 1283 558 1344 murum,
580 1259 642 1331 sed
663 1260 849 1348 maceriem
862 1257 1074 1350 jndicemus,
1093 1257 1187 1327 nutlo
1206 1256 1391 1342 bitumine,

406 1381 662 1476 vilipendendis
694 1380 866 1475 lapidibus
890 1391 1076 1462 structum,
1098 1391 1205 1449 rectae
1222 1365 1395 1452 intentio-

405 1505 460 1576 nis
478 1504 589 1574 ariete
609 1505 794 1574 ruiturum.

457 1627 494 1696 lu
511 1625 698 1696 tractandis
711 1617 945 1698 controversis
958 1617 1194 1718 dogmatibus,
1213 1625 1396 1696 uniendis-

406 1769 475 1842 que
493 1749 547 1818 his
564 1747 690 1817 dolatis
713 1749 820 1818 veluti
842 1747 887 1819 ad
905 1746 1092 1820 aedificium
1109 1749 1216 1832 saxis,
1235 1748 1395 1818 felicitate

407 1890 581 1953 caremus,
611 1890 655 1938 ue
681 1869 796 1940 dicam
823 1885 911 1956 arte,
943 1892 1011 1964 qua
1045 1895 1108 1938 non
1125 1869 1250 1941 auditis
1276 1867 1394 1951 multari,

406 1987 528 2059 securis
554 2002 583 2057 ct
612 1985 805 2084 ferramenti
835 1991 938 2062 omnis
967 1989 1084 2062 ictibus
1103 1992 1138 2085 (3
1159 1995 1240 2084 Reg.
1264 2013 1308 2075 vr,
1327 1986 1392 2082 7.),

406 2114 527 2186 divisas
545 2103 668 2186 domus
682 2137 702 2186 a
716 2117 888 2209 sapientia
900 2116 1025 2186 Christi
1039 2125 1260 2199 constructae,
1280 2114 1396 2186 medio

405 2237 537 2331 pariete
553 2219 696 2323 eversu,
718 2237 982 2331 amplitudinem
1001 2237 1195 2309 reficiamus
1217 2265 1224 2305 :
1243 2237 1306 2308 sad
1330 2259 1394 2308 nec

405 2361 570 2453 strepitus
588 2359 633 2430 ad
660 2362 751 2430 huuc
782 2359 887 2431 finem
918 2361 1086 2432 fastidiosi
1112 2360 1213 2446 fiunt,
1240 2361 1268 2431 si
1293 2361 1394 2451 juxta

406 2484 532 2555 Christi
563 2483 720 2575 regulam
749 2483 1019 2554 architectonice
1052 2496 1228 2556 resonant.

456 2607 587 2676 Pluries
605 2605 639 2676 id
670 2605 734 2674 fuit
753 2615 934 2689 tentatum,
960 2627 1027 2676 nou
1063 2608 1170 2678 semel
1192 2607 1390 2699 inceptum;

405 2727 629 2822 quandoque,
663 2727 793 2798 Graecis
822 2728 970 2799 rutheno
1003 2728 1222 2820 metropolita
1262 2749 1394 2821 coope-

406 2852 513 2946 rario,
547 2849 734 2956 Florentiae
776 2849 1001 2921 conclusum:
1039 2850 1101 2922 sed
1144 2871 1199 2921 vae
1245 2852 1293 2936 ai,
1326 2870 1395 2945 quo

406 2983 670 3068 superstrueute
697 2971 853 3044 laborem
874 2973 1012 3046 illorum
1031 2973 1153 3046 ssemus
1183 2973 1391 3046 evanidumi

405 3095 537 3168 Nullibi
554 3095 639 3184 jam,
671 3095 759 3166 sicut
791 3095 825 3164 i'u
856 3095 987 3178 Russia,
1006 3097 1100 3178 huuc
1130 3093 1312 3170 suaderem
1332 3115 1394 3164 re·

407 3218 617 3316 petendum;
639 3219 698 3290 ubi
723 3219 789 3290 suh
814 3218 1015 3291 christianis
1044 3217 1272 3314 principibus,
1301 3217 1393 3290 chri-

403 3345 536 3418 stianus
552 3354 712 3414 seruatur
741 3343 879 3436 integer
902 3346 1050 3439 populus
1067 3371 1075 3416 :
1108 3345 1252 3437 sepultis
1269 3343 1343 3416 fere
1359 3343 1395 3414 iu

406 3464 552 3548 Graecia,
586 3463 652 3534 suh
679 3464 823 3536 Turcica
852 3465 990 3538 inimica
1020 3465 1157 3538 Christo
1190 3463 1393 3560 tyrannide,

405 3584 666 3657 christianitatis
696 3585 864 3678 reliquiis.
900 3583 1088 3660 Gloriosius
1123 3607 1204 3658 ecce
1240 3589 1395 3656 iuturum

406 3707 602 3781 Rutheuum
617 3707 847 3802 imperium‚si
860 3707 985 3781 Christi
999 3710 1140 3781 unicum
1156 3699 1302 3800 reguum
1312 3706 1395 3798 (nou

405 3828 455 3915 da,
475 3829 549 3922 sed)
575 3833 615 3898 iu
632 3827 698 3902 hoc
715 3827 846 3900 mundo
867 3827 1013 3901 scissum
1037 3839 1206 3914 necteret,
1231 3847 1335 3921 quam
1364 3827 1395 3898 si

290 3949 295 3957 ’
405 3954 608 4030 heliautium
623 3955 817 4049 aquilarum
836 3954 968 4028 Russiae
985 3945 1046 4052 per
1064 3965 1174 4027 totum
1188 3953 1303 4026 oriens
1317 3951 1393 4024 alas
