3172 5130
610 587 652 601 =·-
674 552 737 618 169
756 583 798 602 ··

200 734 261 818 26,
299 731 405 818 ΧΙΧ,
441 733 516 826 26.)
551 731 596 805 ad
623 735 801 826 sanguinis
832 735 1094 819 abstinentiam,
1125 736 1194 824 illis

200 876 286 928 vero
336 855 558 928 deterrendis
592 855 637 927 ab
678 857 866 931 immolatis
911 859 1192 932 simulacrorum.

201 981 272 1054 Usu
290 991 467 1075 receptam
495 994 616 1078 postea
633 984 746 1078 legem
762 985 856 1057 illum
874 985 910 1056 in
940 985 1083 1058 Oriente
1118 996 1192 1059 toto

199 1117 236 1178 et
268 1106 467 1179 Occidentis
480 1117 579 1204 parte
598 1107 740 1180 tradunt
762 1119 935 1202 auctores.
965 1110 1031 1181 Pro
1049 1095 1191 1182 Oriente

199 1230 297 1302 testis
327 1244 380 1301 est
426 1241 499 1301 tum
537 1229 726 1301 Concilium
763 1229 964 1323 Gangrense
1011 1231 1102 1324 (can.
1140 1231 1188 1324 2),

200 1363 274 1423 tum
307 1348 470 1417 Oenones
490 1348 669 1439 Tralliani,
687 1361 759 1424 tum
784 1354 986 1425 constitutio
1004 1354 1194 1448 imperialis
1244 1359 1247 1370 '

198 1475 324 1547 Leonis
367 1476 433 1562 Vl,
466 1475 595 1547 saeculo
640 1473 696 1546 IX
744 1472 877 1568 (Const.
925 1497 1007 1548 nov.
1040 1479 1130 1571 58);
1159 1487 1195 1549 et

198 1598 330 1671 saeculo
358 1595 397 1670 X
412 1596 574 1693 synodus
606 1595 1001 1694 Constantinopolitano,
1019 1622 1081 1696 per
1101 1600 1196 1674 Ocn-

198 1721 389 1795 stantinum
407 1719 744 1816 Porphyrogenitum
778 1721 931 1792 civiliter
944 1742 1080 1794 necnon
1095 1721 1196 1795 robo-

200 1856 289 1951 rata,
306 1853 344 1916 ut
370 1843 475 1914 refert
506 1845 694 1934 Dositheus¹
721 1845 914 1916 monachus
938 1844 1091 1938 (Collect.
1112 1866 1192 1922 can.

199 1969 247 2040 ad
276 1967 385 2039 Trull.
408 1963 478 2058 67).
512 1967 578 2038 Pro
612 1948 747 2039 Latinis
773 1969 1005 2058 Tertullianus
1037 1968 1194 2064 (inApo-

199 2090 308 2182 loget.
324 2111 357 2160 c.
377 2089 411 2182 9)
444 2089 573 2159 saeculo
605 2089 640 2160 ΙΙ
659 2097 695 2158 et
721 2088 794 2158 alii.
811 2089 890 2159 Nec
917 2090 965 2160 ita
985 2088 1195 2184 perdurasse

197 2213 413 2306 generaliter
442 2211 536 2307 apud
561 2213 716 2297 Latinos,
734 2224 771 2282 ut
796 2213 976 2284 contendit
994 2213 1195 2286 Comnenus

198 2332 362 2428 (Praenot.
384 2337 420 2420 3,
442 2345 527 2407 sect.
567 2337 603 2418 2,
624 2342 663 2406 n⁰
690 2333 738 2428 3),
771 2356 880 2428 usque
904 2334 951 2407 ad
976 2336 1099 2408 saecul.
1118 2335 1188 2424 XI,

198 2460 374 2531 convincit
409 2457 619 2532 dessuetudo
652 2458 803 2531 adducta
828 2457 873 2529 ab
906 2458 1102 2552 Augustino
1122 2479 1197 2531 666-

92 2677 99 2690 ,
198 2585 278 2654 6616
300 2583 345 2670 V',
364 2585 421 2655 vel
440 2584 476 2654 in
495 2583 566 2655 fine
578 2583 694 2678 quarti
711 2582 786 2676 (lib.
810 2583 857 2656 32
875 2587 1001 2654 contra
1019 2581 1197 2676 Faustum)

199 2709 340 2783 dicente
357 2739 365 2782 :
386 2707 467 2794 quis
489 2707 567 2792 iam
581 2706 646 2774 ltoc
657 2685 882 2773 christianus
898 2705 1075 2785 observat,
1092 2711 1133 2773 ut
1143 2705 1198 2774 vet

200 2829 415 2896 minutiores
442 2827 603 2895 auiculas
635 2844 707 2894 non
739 2827 920 2912 attingat,
948 2825 1024 2892 nisi
1041 2844 1199 2910 quarum

200 2949 351 3034 sanguis
374 2949 583 3032 effususest,
597 2946 828 3030 antenorem
841 2962 913 3012 aon
928 2945 1021 3023 edat,
1038 2945 1073 3010 si
1086 2963 1199 3012 manu

202 3066 241 3132 in
260 3066 397 3134 cervice
410 3083 614 3151 percussus,
626 3063 725 3131 nullo
736 3067 885 3130 cruento
899 3063 1047 3128 vulnere
1061 3061 1200 3128 occisus

204 3191 257 3253 etl
271 3170 468 3286 lquidquid
488 3211 534 3260 ex
552 3186 691 3260 66620
708 3186 851 3258 Concilii
879 3183 1143 3256 Aurelianensis
1161 3186 1199 3271 2,
1323 3209 1327 3219 ·

182 3330 242 3388 et
285 3337 332 3388 ex
366 3315 538 3408 Gregorio
571 3312 625 3385 III
659 3311 752 3384 idem
779 3310 977 3382 Comnenus
1006 3308 1199 3382 effinxerit.

207 3438 301 3512 Satis
327 3441 441 3510 fuerat
463 3450 500 3509 ut
530 3437 727 3510 diuturnior
746 3435 863 3529 praxis
883 3433 1086 3523 Graecorum
1115 3453 1203 3502 san·
1323 3515 1327 3532 Ι

167 3628 171 3636 .
208 3562 325 3656 guinis
351 3573 387 3633 et
429 3561 586 3634 suffocati
614 3558 866 3631 'abstinentiam
900 3558 992 3628 iuter
1026 3556 1204 3628 Rutheuos

208 3687 460 3776 introduxerit,
489 3709 568 3760 cum
599 3685 714 3758 adhuc
748 3671 878 3758 saeculo
905 3683 988 3757 Xlll
1024 3681 1204 3777 scripserit

209 3811 380 3906 Georgius
398 3811 584 3882 Metochita
600 3809 741 3882 Graecus
759 3808 867 3902 (Orat.
888 3810 922 3876 l.
948 3815 1068 3894 contra
1086 3827 1206 3878 susur-

212 3955 329 4023 rones,
347 3935 383 4005 in
402 3932 509 4029 finel:
539 3936 721 4020 «Bonum,
737 3933 839 4025 juxta
854 3929 1154 4018 consuetudinem,
1170 3939 1206 4002 et
