3148 5132
831 596 973 650 ..x-

398 769 491 854 silui;
501 771 558 842 sub
572 773 671 859 legati
682 773 854 862 Hispaniae,
868 776 985 844 Enoell.
996 775 1124 846 Domini
1130 775 1227 844 Duris
1236 777 1275 845 de
1288 777 1386 859 biria,

398 893 511 962 umbra
525 893 608 980 apud
624 894 786 963 Ruthenos
811 897 1051 984 propugnari.»
1074 896 1295 966 Percurremus
1320 897 1386 968 siu·

421 1015 484 1084 ula.

398 1035 420 1102 g
439 1137 630 1222 Etprimum
641 1136 925 1222 quidem‚natalem
933 1136 1172 1205 Riberaeurbem
1183 1137 1390 1210 satisindioat

398 1269 569 1338 cognomen
595 1253 854 1338 Barcinonensis,
871 1253 953 1340 quod
982 1255 1102 1322 nomini
1134 1255 1203 1340 ejus
1234 1273 1387 1322 annexum

298 1417 300 1424 ·
398 1389 556 1440 ooourrere
567 1373 663 1453 solet;
679 1393 796 1442 annum
810 1376 917 1442 tamen
930 1393 990 1460 quo
1000 1375 1105 1442 lucem
1116 1376 1278 1459 aspexerit,
1286 1376 1390 1442 dicero

364 1549 366 1556 .
398 1510 460 1560 non
473 1493 574 1560 valeo.
588 1531 630 1543 -
643 1494 666 1563 J
667 1513 718 1562 am
733 1496 761 1563 si
775 1497 900 1564 sautum
915 1496 1111 1582 gentilitium
1124 1495 1283 1582 inspicias,
1299 1495 1388 1562 vide·

399 1615 449 1684 bis
462 1617 509 1684 ibi
522 1618 641 1685 nomini
652 1618 774 1685 Riberae
788 1619 901 1686 sociari
915 1618 1067 1700 rivolum,
1081 1617 1228 1686 bifariam
1241 1617 1389 1698 divisum,

399 1736 506 1804 addita
517 1737 576 1804 hae
598 1738 859 1824 superscriptione
877 1764 884 1802 ι
907 1738 1092 1822 Nunquam
1105 1741 1286 1804 retrorsum
1303 1764 1313 1803 :
1328 1755 1388 1821 quo

399 1855 586 1924 emblemate
605 1875 667 1924 non
684 1857 789 1943 inepte
803 1857 1045 1942 repraesentatur
1058 1857 1166 1924 nativa
1184 1855 1304 1922 indoles
1317 1855 1387 1936 viri,

399 1977 432 2043 in
447 1976 587 2046 adversis
608 1978 747 2062 infracti,
763 1979 798 2046 in
821 1979 976 2064 prosperis
1002 1997 1036 2046 se
1061 1977 1208 2045 extollere
1234 1977 1342 2056 nescii,
1355 1977 1388 2042 in

399 2098 461 2166 fide
472 2099 674 2184 doctrinaque
688 2100 902 2184 profundenda
913 2099 1073 2167 indefessi.
1084 2099 1175 2177 Saue,
1188 2115 1285 2182 quum
1299 2093 1388 2162 Eobo

397 2222 474 2305 [idei
486 2222 686 2291 novatoribus
701 2240 896 2306 summopere
908 2221 1130 2307 displicuisset,
1142 2220 1240 2285 immo
1255 2217 1387 2285 catholi-

395 2343 441 2411 ois
456 2341 644 2428 quibusdam
658 2342 838 2410 homiuibus
851 2361 963 2425 parum
976 2341 1167 2423 probaretur,
1180 2339 1221 2405 iis
1235 2340 1386 2404 nimirum

309 2444 311 2448 ⁵
395 2467 449 2550 qui
461 2466 582 2549 foratae
595 2467 740 2534 lenitatis
762 2465 964 2533 blandientes
986 2467 1101 2532 omont
1121 2463 1394 2546 circumscriptio

395 2605 461 2668 raes,
470 2604 504 2652 se
517 2587 685 2655 Athanasii
694 2589 829 2674 vestigia
842 2606 1024 2673 pressurum
1035 2605 1102 2653 esse
1118 2585 1172 2662 ait,
1181 2584 1237 2668 qui
1249 2595 1306 2650 neo
1324 2585 1387 2650 ter·

395 2704 477 2770 ritus
492 2705 559 2771 erat
572 2704 781 2788 adoraturis,
792 2725 849 2773 neo
860 2706 978 2773 fractus
990 2725 1009 2772 a
1023 2705 1045 2772 J
1046 2705 1162 2784 uliano,
1176 2721 1233 2768 neo
1248 2702 1351 2768 vietus
1368 2721 1386 2768 a

395 2825 610 2908 Veientanae
631 2826 838 2894 conturbatus
860 2845 879 2892 a
897 2826 1052 2909 corruptis
1071 2823 1211 2909 synodis3
1224 2823 1388 2908 pergitque

394 2946 427 3013 in
440 2947 508 3014 haee
522 2947 616 3014 verba
641 2969 650 3012 r
672 2973 687 3004 ‹
714 2947 825 3014 Alium
847 2949 901 3032 qui
921 2967 973 3015 me
998 2948 1248 3028 reliquatorem
1274 2948 1385 3012 mutet.

393 3065 504 3134 Talem
515 3067 567 3154 (ut
581 3066 664 3152 sum)
677 3067 732 3154 qui
745 3067 912 3150 desiderat,
923 3067 1060 3136 oblatam
1073 3086 1123 3135 me
1138 3067 1200 3134 sibi
1212 3085 1248 3133 ex
1261 3066 1386 3132 nomine

392 3187 520 3256 audiat:

395 3367 587 3438 Dorio'b's-
599 3375 780 3458 orvopeto;
799 3371 924 3457 restores
940 3408 980 3422 -
1001 3370 1147 3456 aequavi
1167 3389 1266 3454 reoque
1281 3373 1382 3438 aratu.

545 3490 696 3562 Eutotlor
707 3514 857 3581 wareo,
878 3495 981 3563 ducar
993 3498 1030 3561 rot
1046 3493 1171 3562 utilius.
1198 3531 1238 3542 —

392 3666 399 3725 l
434 3659 554 3744 Quibus
568 3662 672 3730 verbis
694 3665 771 3731 dum
793 3665 965 3750 alloquitur
979 3664 1137 3744 lectorem,
1161 3661 1312 3728 sinceram
1334 3661 1383 3728 sui

393 3782 492 3868 ipsius
505 3781 799 3881 imaginemeidem
822 3786 946 3854 exhibet
969 3785 1093 3872 Ribera,
1107 3783 1140 3852 in
1163 3783 1287 3850 nomino
1306 3803 1383 3869 quo-

392 3902 556 3974 dammodo
583 3903 811 3997 adumbratam.
