3124 5126
573 1034 714 1100 CAPUT
733 1035 813 1104 XII.

589 1332 796 1408 innitentia.

243 1640 490 1714 Poenitentiam
507 1642 689 1719 individua
703 1655 923 1741 peccatorum
951 1653 1085 1716 secreta
1101 1664 1187 1714 con-

193 1763 344 1834 fessione
380 1764 531 1838 Rutheni
561 1767 761 1863 perficiunt.
794 1771 888 1841 Raro
921 1767 1096 1850 sedentes
1134 1766 1188 1838 si-

192 1900 250 1959 cut
280 1889 326 1960 de
356 1888 488 1961 Graecis
513 1892 637 1963 scribit
668 1893 842 1964 Goarius:
871 1899 1003 1962 stantes
1032 1890 1189 1962 minister

193 2025 229 2083 et
258 2013 434 2107 poenitcns
467 2028 723 2086 sacramentum
761 2013 961 2086 absolvunt.
1002 2013 1189 2086 Confessa-

193 2137 266 2208 rius
291 2147 433 2232 peccata
464 2137 575 2225 audit,
607 2149 730 2211 tenens
755 2138 919 2210 manibus
948 2135 1076 2208 librum
1094 2165 1101 2207 :
1119 2158 1189 2229 quo

193 2271 228 2332 et
248 2261 381 2354 peccati
404 2261 555 2354 speciem
578 2273 713 2348 noscat,
735 2273 770 2334 et
794 2260 1064 2332 satisfactionem
1085 2260 1189 2351 juxta

192 2404 343 2456 canones
357 2383 544 2455 taxandam
560 2385 814 2480 omnitentibus
830 2390 1017 2454 memoret.
1141 2393 1142 2398 ’

241 2508 315 2579 Nec
339 2507 544 2602 poenitentia
560 2508 699 2602 publica
727 2507 920 2602 primitivae
948 2505 1117 2577 Ecclesiae
1138 2516 1193 2578 cst

192 2629 557 2712 inusuneccanoncs
570 2629 830 2724 poenitentiales
844 2630 881 2699 in
904 2629 1047 2722 antiquo
1056 2627 1184 2721 rigore.

192 2749 380 2821 Privatioa
405 2772 506 2823 sacra
535 2753 753 2826 Eucharistia
780 2763 897 2824 tamen
923 2749 968 2822 ob
985 2751 1086 2845 plura
1112 2751 1186 2822 cri-

190 2873 284 2945 mina
303 2873 410 2968 viget,
430 2875 584 2946 maxime
613 2879 649 2948 in
668 2899 728 2949 eos
755 2879 815 2971 qui
828 2875 962 2967 jejunia
983 2873 1187 2968 quadrage-

190 2995 327 3066 simalia
340 3017 410 3068 non
423 3012 627 3084 servarunt3
643 3002 800 3093 tantique
810 2999 951 3070 ducitur
966 2997 1068 3090 culpa
1083 2997 1185 3068 omit·

192 3117 338 3189 tentium
361 3119 616 3194 confessionem
632 3133 668 3194 et
685 3122 969 3195 communionem
992 3127 1073 3190 ante
1100 3139 1186 3212 pas-

191 3241 341 3328 chalem,
354 3263 460 3337 quam
475 3243 510 3314 in
523 3255 702 3341 praecspto
716 3245 862 3330 habent,
875 3253 913 3314 ut
925 3242 977 3314 eis
986 3263 1186 3336 perannum

190 3363 366 3456 integrum
385 3364 616 3438 interdicatur
633 3369 812 3462 ingressus
830 3367 865 3437 in
890 3363 1086 3437 ecclesiam.
1102 3361 1187 3434 Cum

190 3485 247 3556 hic
270 3485 491 3580 prohibetur,
521 3511 591 3562 non
610 3489 648 3561 fit
678 3493 726 3562 ita
747 3501 785 3561 ut
800 3490 975 3585 poenitens
1003 3505 1187 3577 nunquam

189 3607 358 3702 templum
375 3607 492 3697 adeat,
527 3612 591 3684 sed
615 3622 652 3684 ut
678 3613 825 3684 interior
851 3609 972 3703 templi
990 3628 1071 3700 pars
1099 3604 1191 3676 sicut

192 3731 331 3802 caeteris
344 3731 410 3804 sibi
421 3754 490 3804 non
501 3735 617 3808 liceat.
638 3739 722 3808 Haec
736 3746 856 3808 tamen
870 3730 1093 3830 poenitentia,
1108 3747 1191 3822 quae

192 3853 255 3924 vix
271 3852 410 3948 publica
428 3878 497 3930 non
519 3871 625 3949 esset,
643 3860 769 3934 abusu
787 3862 862 3943 lere
876 3856 1017 3938 defecit.
1041 3852 1192 3946 Praecipi

182 3977 447 4088 ⁸confessionem
471 3985 760 4056 sacramentalem
777 3981 884 4056 semel
904 3968 940 4050 in
970 3995 1084 4062 ann03
1100 3995 1188 4046 con··
1217 4026 1220 4030 -
