3148 5132
807 619 974 684 ..36-

392 797 527 861 ctorum
546 788 643 860 lesus
654 785 724 880 legi
741 787 946 860 Sanctorum
963 796 1064 881 gesta
1082 786 1284 882 piissimea
1305 809 1387 883 prr-

390 911 513 984 mitiva
530 909 682 983 Ecclesia
699 909 908 1003 accepimus3
928 919 964 983 et
978 911 1045 982 hoc
1056 918 1109 981 est
1122 908 1218 1004 quod
1232 910 1387 984 abomni

390 1033 597 1127 antiquitate
615 1033 775 1126 legimus,
800 1029 878 1103 fieri
908 1032 1100 1128 Martyrum
1126 1033 1384 1106 et‘Sanctorum

387 1157 593 1242 memorias;
610 1165 649 1227 ut
672 1175 759 1250 quos
775 1154 1025 1228 intercessores
1041 1154 1134 1249 apud
1151 1155 1264 1228 Deum
1277 1177 1383 1250 quae·

385 1281 508 1365 rimus,
528 1281 579 1352 eis
598 1277 807 1364 associandi,
835 1299 958 1350 eorum
983 1277 1149 1372 exempla
1175 1299 1378 1374 sequamur,

388 1403 569 1497 Deumque
583 1403 618 1473 in
633 1401 765 1474 Sanctis
777 1401 969 1473 mirabilem
985 1399 1236 1474 collaudemus.
1295 1443 1298 1452 ι

437 1525 639 1598 Distributio
659 1523 741 1594 hinc
754 1523 1032 1596 solemnitatibus
1048 1544 1110 1617 per
1128 1545 1272 1612 annum,
1289 1526 1379 1600 sicut

385 1645 1382 1731 interLatinos,mutuaruntGraeciRuthenisduodeoimli·

382 1770 476 1854 bros,
485 1769 629 1878 totidem
643 1767 821 1840 mensibus
831 1768 1041 1842 exhibentes
1054 1770 1260 1841 Sanctorum
1270 1770 1376 1859 ritas,

386 1893 423 1964 in
437 1889 761 1986 templolegendas.
779 1891 937 1985 Hincque
953 1890 1187 1962 scribentibus
1207 1893 1380 1966 Luthera-

386 2012 454 2097 nis,
476 2011 601 2084 fabulis
628 2013 765 2107 replere
798 2012 913 2084 officia
937 2032 1036 2084 sacra
1062 2012 1241 2084 Ruthenos
1268 2013 1380 2107 (cujus

385 2137 542 2208 criminis
575 2123 687 2208 socios
715 2135 945 2208 criminentur
977 2136 1117 2207 Latinos
1156 2137 1377 2235 catholicos),

389 2259 585 2353 apologiam
611 2279 681 2330 non
710 2257 898 2352 aggrediar
925 2279 988 2353 pro
1012 2257 1163 2330 veritate
1191 2257 1320 2330 tuenda
1343 2259 1380 2332 in

384 2379 608 2474 quibusdam,
640 2401 721 2473 quae
746 2381 814 2474 (ms
839 2380 948 2452 inscio
974 2381 1103 2474 tamen)
1132 2380 1379 2474 permiscuerit

385 2503 589 2598 simplicitas
616 2504 651 2572 in
676 2503 793 2596 aliquo
811 2503 944 2574 Russiae
967 2502 1119 2594 angulo;
1145 2501 1248 2573 sicuti
1265 2523 1331 2576 nec
1358 2523 1381 2575 a

317 2659 330 2674 ν
387 2646 443 2696 me
476 2623 697 2698 sustinendas
722 2635 846 2719 putent
866 2625 1054 2698 Lutherani
1070 2623 1264 2697 historiolae
1291 2627 1376 2721 plu-

386 2767 461 2834 res,
498 2747 626 2840 quibus
659 2744 792 2819 inducit
818 2748 983 2841 populum
1011 2747 1139 2818 rustica
1166 2748 1405 2820 monticola-v

386 2890 465 2939 rum
490 2868 689 2940 credulitas.
728 2869 796 2940 Eas
830 2879 970 2956 tamen,
1004 2889 1108 2962 quas,
1135 2869 1208 2941 sire
1234 2870 1376 2959 Latina,

385 2989 462 3062 eive
479 2988 600 3061 Graeca
613 2989 721 3084 (vera)
737 2991 890 3062 Ecclesia
905 2992 1065 3086 proponit
1080 2990 1276 3063 recitandas
1289 2994 1380 3064 San-

385 3122 521 3185 ctorum
544 3111 717 3197 historias,
742 3111 846 3183 falsas
880 3125 915 3184 et
940 3113 1113 3184 fabulosas
1141 3113 1202 3208 qui
1230 3113 1378 3186 irridere

384 3236 524 3320 audeat,
550 3235 777 3306 temerarium
803 3256 841 3307 se
871 3236 1028 3306 convinci
1047 3257 1116 3332 non
1141 3235 1292 3322 dubitet,
1318 3236 1379 3332 qui

385 3336 592 3446 Ecclesiam,
612 3358 703 3430 ultra
716 3357 905 3430 studiosius
922 3379 1072 3430 examen
1087 3358 1293 3447 humanum,
1309 3361 1380 3432 im-

329 3523 331 3526 ·
384 3484 628 3578 ploratumque
653 3463 852 3554 solemniter
881 3483 915 3554 ei
949 3481 1193 3555 illuminandae
1218 3483 1380 3556 Divinum

386 3605 571 3689 auxilium,
588 3591 757 3699 ‘proprias
768 3605 949 3700 'postponit
975 3603 1149 3698 indagini:
1174 3601 1324 3674 infidum
1340 3624 1380 3676 se

387 3727 539 3822 prodens
555 3727 590 3798 in
616 3729 779 3800 omnibus
796 3739 935 3816 testem,
959 3751 1006 3800 ex
1022 3751 1093 3824 quo
1115 3727 1279 3802 diffidens
1295 3750 1380 3804 ma-

382 3847 533 3938 j0ribus,
566 3853 693 3946 quaerit
724 3874 902 3946 nunquam
936 3852 1091 3924 futurum
1120 3852 1379 3947 praeteritorum

390 3974 687 4068 experimentum.
715 3975 863 4049 Privatae
885 3973 1063 4049 devotioni
1082 3975 1260 4072 proposita
1276 3995 1297 4048 a
1312 3975 1382 4072 piis
