<?xml version="1.0" encoding="UTF-8"?>
<!DOCTYPE html PUBLIC "-//W3C//DTD XHTML 1.0 Transitional//EN"
    "http://www.w3.org/TR/xhtml1/DTD/xhtml1-transitional.dtd">
<html xmlns="http://www.w3.org/1999/xhtml" xml:lang="en" lang="en">
 <head>
  <title>
</title>
<meta http-equiv="Content-Type" content="text/html;charset=utf-8" />
  <meta name='ocr-system' content='tesseract 3.04.00' />
  <meta name='ocr-capabilities' content='ocr_page ocr_carea ocr_par ocr_line ocrx_word'/>
</head>
<body>
  <div class='ocr_page' id='page_1' title='image "./brevisenarratio00ribegoog/brevisenarratio00ribegoog_0128.png"; bbox 0 0 3124 5126; ppageno 0'>
   <div class='ocr_carea' id='block_1_1' title="bbox 574 678 744 772">
    <p class='ocr_par' dir='ltr' id='par_1_1' title="bbox 574 678 744 772">
     <span class='ocr_line' id='line_1_1' title="bbox 574 678 744 772; baseline -0.053 0"><span class='ocrx_word' id='word_1_1' title='bbox 574 678 744 772; x_wconf 52' lang='grc' dir='ltr'><strong>τεθ-</strong></span> 
     </span>
    </p>
   </div>
   <div class='ocr_carea' id='block_1_2' title="bbox 82 843 1190 4016">
    <p class='ocr_par' dir='ltr' id='par_1_2' title="bbox 82 843 1190 4016">
     <span class='ocr_line' id='line_1_2' title="bbox 164 843 1161 939; baseline 0.005 -26"><span class='ocrx_word' id='word_1_2' title='bbox 164 864 263 914; x_wconf 89' lang='lat' dir='ltr'><strong>maca</strong></span> <span class='ocrx_word' id='word_1_3' title='bbox 281 843 387 913; x_wconf 87' lang='lat' dir='ltr'><strong>vitata</strong></span> <span class='ocrx_word' id='word_1_4' title='bbox 404 843 580 935; x_wconf 90' lang='lat' dir='ltr'><strong>quondam</strong></span> <span class='ocrx_word' id='word_1_5' title='bbox 595 864 615 913; x_wconf 89' lang='lat' dir='ltr'><strong>a</strong></span> <span class='ocrx_word' id='word_1_6' title='bbox 633 844 781 930; x_wconf 78' lang='lat' dir='ltr'><strong>rusticis,</strong></span> <span class='ocrx_word' id='word_1_7' title='bbox 795 845 823 914; x_wconf 90' lang='lat' dir='ltr'><strong>si</strong></span> <span class='ocrx_word' id='word_1_8' title='bbox 838 843 893 914; x_wconf 90' lang='lat' dir='ltr'><strong>vel</strong></span> <span class='ocrx_word' id='word_1_9' title='bbox 912 845 1048 917; x_wconf 89' lang='lat' dir='ltr'><strong>modico</strong></span> <span class='ocrx_word' id='word_1_10' title='bbox 1064 866 1161 939; x_wconf 82' lang='lat' dir='ltr'><strong>prae-</strong></span> 
     </span>
     <span class='ocr_line' id='line_1_3' title="bbox 165 965 1190 1061; baseline 0 -25"><span class='ocrx_word' id='word_1_11' title='bbox 165 975 372 1061; x_wconf 88' lang='lat' dir='ltr'><strong>pararentur</strong></span> <span class='ocrx_word' id='word_1_12' title='bbox 390 988 536 1037; x_wconf 91' lang='lat' dir='ltr'><strong>ovorum</strong></span> <span class='ocrx_word' id='word_1_13' title='bbox 552 965 745 1038; x_wconf 91' lang='lat' dir='ltr'><strong>albumine.</strong></span> <span class='ocrx_word' id='word_1_14' title='bbox 929 1037 932 1042; x_wconf 81' lang='grc'><strong>,</strong></span> <span class='ocrx_word' id='word_1_15' title='bbox 1178 977 1190 1012; x_wconf 74' lang='lat'><strong><em>‘</em></strong></span> 
     </span>
     <span class='ocr_line' id='line_1_4' title="bbox 217 1087 1164 1182; baseline 0.001 -23"><span class='ocrx_word' id='word_1_16' title='bbox 217 1087 527 1180; x_wconf 84' lang='lat' dir='ltr'><strong>Quadragesimam</strong></span> <span class='ocrx_word' id='word_1_17' title='bbox 550 1111 733 1182; x_wconf 81' lang='lat' dir='ltr'><strong>magnam,</strong></span> <span class='ocrx_word' id='word_1_18' title='bbox 759 1088 1016 1160; x_wconf 76' lang='lat' dir='ltr'><strong>terminandam</strong></span> <span class='ocrx_word' id='word_1_19' title='bbox 1035 1090 1164 1160; x_wconf 78' lang='lat' dir='ltr'><strong>sicula</strong></span> 
     </span>
     <span class='ocr_line' id='line_1_5' title="bbox 168 1209 1165 1304; baseline 0 -24"><span class='ocrx_word' id='word_1_20' title='bbox 168 1209 271 1281; x_wconf 90' lang='lat' dir='ltr'><strong>nobis</strong></span> <span class='ocrx_word' id='word_1_21' title='bbox 289 1210 325 1279; x_wconf 96' lang='lat' dir='ltr'><strong>in</strong></span> <span class='ocrx_word' id='word_1_22' title='bbox 342 1209 401 1280; x_wconf 90' lang='lat' dir='ltr'><strong>die</strong></span> <span class='ocrx_word' id='word_1_23' title='bbox 417 1210 607 1296; x_wconf 86' lang='lat' dir='ltr'><strong>Paschalis,</strong></span> <span class='ocrx_word' id='word_1_24' title='bbox 628 1212 770 1282; x_wconf 91' lang='lat' dir='ltr'><strong>diverso</strong></span> <span class='ocrx_word' id='word_1_25' title='bbox 793 1210 897 1282; x_wconf 94' lang='lat' dir='ltr'><strong>modo</strong></span> <span class='ocrx_word' id='word_1_26' title='bbox 921 1211 1104 1304; x_wconf 79' lang='lat' dir='ltr'><strong>incipiunt,</strong></span> <span class='ocrx_word' id='word_1_27' title='bbox 1129 1218 1165 1281; x_wconf 88' lang='lat' dir='ltr'><strong>ut</strong></span> 
     </span>
     <span class='ocr_line' id='line_1_6' title="bbox 168 1333 1166 1428; baseline 0.004 -26"><span class='ocrx_word' id='word_1_28' title='bbox 168 1354 237 1404; x_wconf 94' lang='lat' dir='ltr'><strong>non</strong></span> <span class='ocrx_word' id='word_1_29' title='bbox 264 1333 428 1424; x_wconf 85' lang='lat' dir='ltr'><strong>jejunatis</strong></span> <span class='ocrx_word' id='word_1_30' title='bbox 457 1336 612 1406; x_wconf 76' lang='lat' dir='ltr'><strong>sabbatis</strong></span> <span class='ocrx_word' id='word_1_31' title='bbox 644 1346 678 1406; x_wconf 90' lang='lat' dir='ltr'><strong>et</strong></span> <span class='ocrx_word' id='word_1_32' title='bbox 708 1335 915 1420; x_wconf 84' lang='lat' dir='ltr'><strong>dominicis,</strong></span> <span class='ocrx_word' id='word_1_33' title='bbox 949 1337 1166 1428; x_wconf 80' lang='lat' dir='ltr'><strong>compleatur</strong></span> 
     </span>
     <span class='ocr_line' id='line_1_7' title="bbox 169 1455 1168 1551; baseline 0.002 -23"><span class='ocrx_word' id='word_1_34' title='bbox 169 1455 470 1551; x_wconf 80' lang='lat' dir='ltr'><strong>quadragenarius</strong></span> <span class='ocrx_word' id='word_1_35' title='bbox 483 1459 699 1550; x_wconf 88' lang='lat' dir='ltr'><strong>jejuniorum</strong></span> <span class='ocrx_word' id='word_1_36' title='bbox 720 1480 898 1529; x_wconf 91' lang='lat' dir='ltr'><strong>numerus.</strong></span> <span class='ocrx_word' id='word_1_37' title='bbox 923 1458 1064 1530; x_wconf 88' lang='lat' dir='ltr'><strong>Modum</strong></span> <span class='ocrx_word' id='word_1_38' title='bbox 1091 1460 1168 1530; x_wconf 83' lang='lat' dir='ltr'><strong>fuse</strong></span> 
     </span>
     <span class='ocr_line' id='line_1_8' title="bbox 169 1579 1166 1677; baseline 0.003 -28"><span class='ocrx_word' id='word_1_39' title='bbox 169 1579 309 1650; x_wconf 89' lang='lat' dir='ltr'><strong>anobis</strong></span> <span class='ocrx_word' id='word_1_40' title='bbox 339 1580 488 1651; x_wconf 89' lang='lat' dir='ltr'><strong>relatum</strong></span> <span class='ocrx_word' id='word_1_41' title='bbox 508 1583 600 1653; x_wconf 87' lang='lat' dir='ltr'><strong>circa</strong></span> <span class='ocrx_word' id='word_1_42' title='bbox 619 1593 741 1677; x_wconf 86' lang='lat' dir='ltr'><strong>quaest.</strong></span> <span class='ocrx_word' id='word_1_43' title='bbox 765 1585 827 1666; x_wconf 89' lang='lat'><strong>88,</strong></span> <span class='ocrx_word' id='word_1_44' title='bbox 858 1583 875 1673; x_wconf 60' lang='grc' dir='ltr'>ᾗ</span> <span class='ocrx_word' id='word_1_45' title='bbox 894 1583 930 1668; x_wconf 84' lang='grc'><strong>5,</strong></span> <span class='ocrx_word' id='word_1_46' title='bbox 950 1581 1077 1651; x_wconf 88' lang='lat' dir='ltr'><strong>leviter</strong></span> <span class='ocrx_word' id='word_1_47' title='bbox 1107 1580 1166 1652; x_wconf 91' lang='lat' dir='ltr'><strong>hic</strong></span> 
     </span>
     <span class='ocr_line' id='line_1_9' title="bbox 170 1687 1166 1800; baseline 0.001 -25"><span class='ocrx_word' id='word_1_48' title='bbox 170 1716 325 1796; x_wconf 85' lang='lat' dir='ltr'><strong>tangam.</strong></span> <span class='ocrx_word' id='word_1_49' title='bbox 349 1706 464 1800; x_wconf 89' lang='lat' dir='ltr'><strong>Usque</strong></span> <span class='ocrx_word' id='word_1_50' title='bbox 479 1687 650 1779; x_wconf 84' lang='lat' dir='ltr'><strong>adfinem</strong></span> <span class='ocrx_word' id='word_1_51' title='bbox 668 1708 788 1779; x_wconf 81' lang='lat' dir='ltr'><strong>saeculi</strong></span> <span class='ocrx_word' id='word_1_52' title='bbox 805 1707 864 1792; x_wconf 89' lang='lat' dir='ltr'><strong>Vl,</strong></span> <span class='ocrx_word' id='word_1_53' title='bbox 884 1726 954 1798; x_wconf 92' lang='lat' dir='ltr'><strong>quo</strong></span> <span class='ocrx_word' id='word_1_54' title='bbox 979 1707 1014 1776; x_wconf 92' lang='lat' dir='ltr'><strong>S.</strong></span> <span class='ocrx_word' id='word_1_55' title='bbox 1036 1705 1166 1797; x_wconf 82' lang='lat' dir='ltr'><strong>Grego-</strong></span> 
     </span>
     <span class='ocr_line' id='line_1_10' title="bbox 172 1829 1168 1927; baseline 0.003 -29"><span class='ocrx_word' id='word_1_56' title='bbox 172 1829 245 1900; x_wconf 83' lang='lat' dir='ltr'><strong>rius</strong></span> <span class='ocrx_word' id='word_1_57' title='bbox 265 1832 310 1901; x_wconf 91' lang='lat' dir='ltr'><strong>M.</strong></span> <span class='ocrx_word' id='word_1_58' title='bbox 332 1853 401 1903; x_wconf 93' lang='lat' dir='ltr'><strong>non</strong></span> <span class='ocrx_word' id='word_1_59' title='bbox 419 1832 661 1927; x_wconf 86' lang='lat' dir='ltr'><strong>interpolanda</strong></span> <span class='ocrx_word' id='word_1_60' title='bbox 685 1831 863 1903; x_wconf 89' lang='lat' dir='ltr'><strong>ordinavit</strong></span> <span class='ocrx_word' id='word_1_61' title='bbox 882 1829 1168 1924; x_wconf 71' lang='lat' dir='ltr'><strong>quadragesimae</strong></span> 
     </span>
     <span class='ocr_line' id='line_1_11' title="bbox 168 1953 1168 2051; baseline -0.001 -28"><span class='ocrx_word' id='word_1_62' title='bbox 168 1955 314 2046; x_wconf 82' lang='lat' dir='ltr'><strong>jejunia,</strong></span> <span class='ocrx_word' id='word_1_63' title='bbox 336 1977 401 2028; x_wconf 86' lang='lat' dir='ltr'><strong>nec</strong></span> <span class='ocrx_word' id='word_1_64' title='bbox 417 1956 511 2051; x_wconf 92' lang='lat' dir='ltr'><strong>apud</strong></span> <span class='ocrx_word' id='word_1_65' title='bbox 532 1957 670 2027; x_wconf 88' lang='lat' dir='ltr'><strong>Latinos</strong></span> <span class='ocrx_word' id='word_1_66' title='bbox 687 1955 765 2026; x_wconf 73' lang='lat' dir='ltr'><strong>baec</strong></span> <span class='ocrx_word' id='word_1_67' title='bbox 783 1953 1049 2048; x_wconf 84' lang='lat' dir='ltr'><strong>incipiebat-die</strong></span> <span class='ocrx_word' id='word_1_68' title='bbox 1065 1953 1168 2023; x_wconf 90' lang='lat' dir='ltr'><strong>cine-</strong></span> 
     </span>
     <span class='ocr_line' id='line_1_12' title="bbox 174 2077 1169 2172; baseline 0 -26"><span class='ocrx_word' id='word_1_69' title='bbox 174 2099 252 2146; x_wconf 92' lang='lat' dir='ltr'><strong>rum</strong></span> <span class='ocrx_word' id='word_1_70' title='bbox 267 2105 274 2162; x_wconf 92' lang='lat'>;</span> <span class='ocrx_word' id='word_1_71' title='bbox 295 2078 357 2149; x_wconf 88' lang='lat' dir='ltr'><strong>sed</strong></span> <span class='ocrx_word' id='word_1_72' title='bbox 373 2099 593 2172; x_wconf 74' lang='lat' dir='ltr'><strong>unaquaeque</strong></span> <span class='ocrx_word' id='word_1_73' title='bbox 609 2078 757 2148; x_wconf 88' lang='lat' dir='ltr'><strong>ecclesia</strong></span> <span class='ocrx_word' id='word_1_74' title='bbox 777 2077 987 2147; x_wconf 87' lang='lat' dir='ltr'><strong>numerabat</strong></span> <span class='ocrx_word' id='word_1_75' title='bbox 1007 2077 1169 2147; x_wconf 83' lang='lat' dir='ltr'><strong>auferen-</strong></span> 
     </span>
     <span class='ocr_line' id='line_1_13' title="bbox 175 2194 1166 2294; baseline 0.001 -27"><span class='ocrx_word' id='word_1_76' title='bbox 175 2197 239 2268; x_wconf 92' lang='lat' dir='ltr'><strong>dos</strong></span> <span class='ocrx_word' id='word_1_77' title='bbox 257 2198 332 2270; x_wconf 91' lang='lat' dir='ltr'><strong>dies</strong></span> <span class='ocrx_word' id='word_1_78' title='bbox 350 2201 475 2294; x_wconf 89' lang='lat' dir='ltr'><strong>quibus</strong></span> <span class='ocrx_word' id='word_1_79' title='bbox 493 2223 561 2272; x_wconf 96' lang='lat' dir='ltr'><strong>non</strong></span> <span class='ocrx_word' id='word_1_80' title='bbox 584 2197 822 2292; x_wconf 73' lang='lat' dir='ltr'><strong>jejunabatur,</strong></span> <span class='ocrx_word' id='word_1_81' title='bbox 843 2197 969 2269; x_wconf 91' lang='lat' dir='ltr'><strong>alicubi</strong></span> <span class='ocrx_word' id='word_1_82' title='bbox 996 2194 1166 2284; x_wconf 69' lang='lat' dir='ltr'><strong>sabbatis</strong></span> 
     </span>
     <span class='ocr_line' id='line_1_14' title="bbox 179 2319 1163 2403; baseline -0.003 -13"><span class='ocrx_word' id='word_1_83' title='bbox 179 2319 262 2390; x_wconf 89' lang='lat' dir='ltr'><strong>alibi</strong></span> <span class='ocrx_word' id='word_1_84' title='bbox 292 2322 384 2393; x_wconf 87' lang='lat' dir='ltr'><strong>leriis</strong></span> <span class='ocrx_word' id='word_1_85' title='bbox 412 2322 452 2394; x_wconf 92' lang='lat' dir='ltr'><strong>V.</strong></span> <span class='ocrx_word' id='word_1_86' title='bbox 480 2323 514 2393; x_wconf 95' lang='lat' dir='ltr'><strong>in</strong></span> <span class='ocrx_word' id='word_1_87' title='bbox 542 2322 765 2392; x_wconf 85' lang='lat' dir='ltr'><strong>Ascensionis</strong></span> <span class='ocrx_word' id='word_1_88' title='bbox 785 2319 918 2390; x_wconf 88' lang='lat' dir='ltr'><strong>Domini</strong></span> <span class='ocrx_word' id='word_1_89' title='bbox 943 2319 1163 2403; x_wconf 90' lang='lat' dir='ltr'><strong>memoriam,</strong></span> 
     </span>
     <span class='ocr_line' id='line_1_15' title="bbox 82 2441 1171 2540; baseline 0 -26"><span class='ocrx_word' id='word_1_90' title='bbox 82 2467 85 2472; x_wconf 90' lang='lat'>·</span> <span class='ocrx_word' id='word_1_91' title='bbox 176 2444 260 2515; x_wconf 86' lang='lat' dir='ltr'><strong>alibi</strong></span> <span class='ocrx_word' id='word_1_92' title='bbox 279 2446 355 2517; x_wconf 89' lang='lat' dir='ltr'><strong>aliis</strong></span> <span class='ocrx_word' id='word_1_93' title='bbox 379 2441 506 2524; x_wconf 67' lang='lat' dir='ltr'><strong>festiue</strong></span> <span class='ocrx_word' id='word_1_94' title='bbox 527 2447 642 2518; x_wconf 90' lang='lat' dir='ltr'><strong>ductis</strong></span> <span class='ocrx_word' id='word_1_95' title='bbox 663 2475 669 2517; x_wconf 91' lang='lat'>:</span> <span class='ocrx_word' id='word_1_96' title='bbox 691 2445 785 2536; x_wconf 93' lang='lat' dir='ltr'><strong>quod</strong></span> <span class='ocrx_word' id='word_1_97' title='bbox 815 2444 1052 2540; x_wconf 68' lang='lat' dir='ltr'><strong>uniformitate</strong></span> <span class='ocrx_word' id='word_1_98' title='bbox 1077 2443 1171 2514; x_wconf 88' lang='lat' dir='ltr'><strong>obri·</strong></span> 
     </span>
     <span class='ocr_line' id='line_1_16' title="bbox 177 2565 1171 2654; baseline -0.006 -12"><span class='ocrx_word' id='word_1_99' title='bbox 177 2569 282 2642; x_wconf 89' lang='lat' dir='ltr'><strong>stiani</strong></span> <span class='ocrx_word' id='word_1_100' title='bbox 310 2569 397 2640; x_wconf 90' lang='lat' dir='ltr'><strong>ritus</strong></span> <span class='ocrx_word' id='word_1_101' title='bbox 427 2570 601 2642; x_wconf 89' lang='lat' dir='ltr'><strong>servanda</strong></span> <span class='ocrx_word' id='word_1_102' title='bbox 632 2594 651 2642; x_wconf 90' lang='lat' dir='ltr'><strong>a</strong></span> <span class='ocrx_word' id='word_1_103' title='bbox 677 2571 823 2653; x_wconf 84' lang='lat' dir='ltr'><strong>Latinis,</strong></span> <span class='ocrx_word' id='word_1_104' title='bbox 853 2567 955 2639; x_wconf 91' lang='lat' dir='ltr'><strong>sicuti</strong></span> <span class='ocrx_word' id='word_1_105' title='bbox 981 2565 1020 2636; x_wconf 92' lang='lat' dir='ltr'><strong>fit</strong></span> <span class='ocrx_word' id='word_1_106' title='bbox 1047 2565 1171 2654; x_wconf 90' lang='lat' dir='ltr'><strong>bodie,</strong></span> 
     </span>
     <span class='ocr_line' id='line_1_17' title="bbox 177 2691 1173 2788; baseline 0 -24"><span class='ocrx_word' id='word_1_107' title='bbox 177 2693 333 2764; x_wconf 78' lang='lat' dir='ltr'><strong>correxit</strong></span> <span class='ocrx_word' id='word_1_108' title='bbox 347 2693 383 2764; x_wconf 88' lang='lat' dir='ltr'><strong>S.</strong></span> <span class='ocrx_word' id='word_1_109' title='bbox 401 2692 599 2786; x_wconf 81' lang='lat' dir='ltr'><strong>Gregorius.</strong></span> <span class='ocrx_word' id='word_1_110' title='bbox 618 2693 786 2763; x_wconf 87' lang='lat' dir='ltr'><strong>Similiter</strong></span> <span class='ocrx_word' id='word_1_111' title='bbox 804 2691 920 2763; x_wconf 81' lang='lat' dir='ltr'><strong>Graeci</strong></span> <span class='ocrx_word' id='word_1_112' title='bbox 936 2713 999 2786; x_wconf 91' lang='lat' dir='ltr'><strong>per</strong></span> <span class='ocrx_word' id='word_1_113' title='bbox 1016 2716 1081 2765; x_wconf 85' lang='lat' dir='ltr'><strong>sex</strong></span> <span class='ocrx_word' id='word_1_114' title='bbox 1101 2694 1173 2788; x_wconf 93' lang='lat' dir='ltr'><strong>pri-</strong></span> 
     </span>
     <span class='ocr_line' id='line_1_18' title="bbox 180 2813 1177 2910; baseline 0.006 -26"><span class='ocrx_word' id='word_1_115' title='bbox 180 2834 236 2884; x_wconf 89' lang='lat' dir='ltr'><strong>ma</strong></span> <span class='ocrx_word' id='word_1_116' title='bbox 254 2814 382 2884; x_wconf 86' lang='lat' dir='ltr'><strong>sae&#39;cula</strong></span> <span class='ocrx_word' id='word_1_117' title='bbox 402 2814 556 2908; x_wconf 84' lang='lat' dir='ltr'><strong>integra,</strong></span> <span class='ocrx_word' id='word_1_118' title='bbox 584 2815 788 2910; x_wconf 85' lang='lat' dir='ltr'><strong>incipientes</strong></span> <span class='ocrx_word' id='word_1_119' title='bbox 804 2813 940 2906; x_wconf 86' lang='lat' dir='ltr'><strong>jejunia</strong></span> <span class='ocrx_word' id='word_1_120' title='bbox 957 2835 976 2884; x_wconf 90' lang='lat' dir='ltr'><strong>a</strong></span> <span class='ocrx_word' id='word_1_121' title='bbox 996 2816 1177 2890; x_wconf 88' lang='lat' dir='ltr'><strong>Dominica</strong></span> 
     </span>
     <span class='ocr_line' id='line_1_19' title="bbox 179 2934 1178 3030; baseline 0.002 -24"><span class='ocrx_word' id='word_1_122' title='bbox 179 2955 260 3028; x_wconf 86' lang='lat' dir='ltr'><strong>quae</strong></span> <span class='ocrx_word' id='word_1_123' title='bbox 276 2956 368 3006; x_wconf 90' lang='lat' dir='ltr'><strong>nunc</strong></span> <span class='ocrx_word' id='word_1_124' title='bbox 391 2934 519 3007; x_wconf 89' lang='lat' dir='ltr'><strong>dicitur</strong></span> <span class='ocrx_word' id='word_1_125' title='bbox 537 2937 856 3030; x_wconf 83' lang='lat' dir='ltr'><strong>quinquagesimae,</strong></span> <span class='ocrx_word' id='word_1_126' title='bbox 887 2957 954 3006; x_wconf 94' lang='lat' dir='ltr'><strong>non</strong></span> <span class='ocrx_word' id='word_1_127' title='bbox 976 2935 1178 3026; x_wconf 84' lang='lat' dir='ltr'><strong>jejunantes</strong></span> 
     </span>
     <span class='ocr_line' id='line_1_20' title="bbox 182 3060 1177 3154; baseline 0 -24"><span class='ocrx_word' id='word_1_128' title='bbox 182 3061 218 3130; x_wconf 93' lang='lat' dir='ltr'><strong>in</strong></span> <span class='ocrx_word' id='word_1_129' title='bbox 232 3060 386 3131; x_wconf 89' lang='lat' dir='ltr'><strong>sabbatis</strong></span> <span class='ocrx_word' id='word_1_130' title='bbox 400 3060 478 3154; x_wconf 89' lang='lat' dir='ltr'><strong>(nisi</strong></span> <span class='ocrx_word' id='word_1_131' title='bbox 492 3061 637 3144; x_wconf 87' lang='lat' dir='ltr'><strong>sabbato</strong></span> <span class='ocrx_word' id='word_1_132' title='bbox 652 3061 798 3152; x_wconf 85' lang='lat' dir='ltr'><strong>sancto),</strong></span> <span class='ocrx_word' id='word_1_133' title='bbox 808 3060 951 3145; x_wconf 89' lang='lat' dir='ltr'><strong>sola36,</strong></span> <span class='ocrx_word' id='word_1_134' title='bbox 966 3082 1027 3152; x_wconf 90' lang='lat' dir='ltr'><strong>per</strong></span> <span class='ocrx_word' id='word_1_135' title='bbox 1041 3071 1177 3153; x_wconf 88' lang='lat' dir='ltr'><strong>septem</strong></span> 
     </span>
     <span class='ocr_line' id='line_1_21' title="bbox 183 3182 1173 3280; baseline -0.002 -25"><span class='ocrx_word' id='word_1_136' title='bbox 183 3185 422 3258; x_wconf 88' lang='lat' dir='ltr'><strong>hebdomadas</strong></span> <span class='ocrx_word' id='word_1_137' title='bbox 440 3208 548 3280; x_wconf 90' lang='lat' dir='ltr'><strong>usque</strong></span> <span class='ocrx_word' id='word_1_138' title='bbox 562 3186 606 3257; x_wconf 89' lang='lat' dir='ltr'><strong>ad</strong></span> <span class='ocrx_word' id='word_1_139' title='bbox 620 3186 763 3269; x_wconf 87' lang='lat' dir='ltr'><strong>Pascha,</strong></span> <span class='ocrx_word' id='word_1_140' title='bbox 781 3182 1009 3278; x_wconf 89' lang='lat' dir='ltr'><strong>perficiebant</strong></span> <span class='ocrx_word' id='word_1_141' title='bbox 1024 3183 1173 3276; x_wconf 79' lang='lat' dir='ltr'><strong>jejunia.</strong></span> 
     </span>
     <span class='ocr_line' id='line_1_22' title="bbox 183 3305 1175 3401; baseline -0.002 -23"><span class='ocrx_word' id='word_1_142' title='bbox 183 3310 361 3380; x_wconf 81' lang='lat' dir='ltr'><strong>Noverunt</strong></span> <span class='ocrx_word' id='word_1_143' title='bbox 399 3308 511 3380; x_wconf 87' lang='lat' dir='ltr'><strong>Graeci</strong></span> <span class='ocrx_word' id='word_1_144' title='bbox 548 3307 843 3401; x_wconf 82' lang='lat' dir='ltr'><strong>Constantinopoli</strong></span> <span class='ocrx_word' id='word_1_145' title='bbox 877 3307 912 3375; x_wconf 92' lang='lat' dir='ltr'><strong>S.</strong></span> <span class='ocrx_word' id='word_1_146' title='bbox 952 3305 1175 3397; x_wconf 77' lang='lat' dir='ltr'><strong>Gregorium</strong></span> 
     </span>
     <span class='ocr_line' id='line_1_23' title="bbox 184 3429 1179 3524; baseline -0.005 -23"><span class='ocrx_word' id='word_1_147' title='bbox 184 3451 288 3524; x_wconf 89' lang='lat' dir='ltr'><strong>quem</strong></span> <span class='ocrx_word' id='word_1_148' title='bbox 307 3429 421 3500; x_wconf 87' lang='lat' dir='ltr'><strong>adhuc</strong></span> <span class='ocrx_word' id='word_1_149' title='bbox 438 3443 652 3502; x_wconf 89' lang='lat' dir='ltr'><strong>venerantur</strong></span> <span class='ocrx_word' id='word_1_150' title='bbox 669 3430 925 3502; x_wconf 89' lang='lat' dir='ltr'><strong>sanctissimum</strong></span> <span class='ocrx_word' id='word_1_151' title='bbox 946 3454 954 3498; x_wconf 95' lang='lat'>:</span> <span class='ocrx_word' id='word_1_152' title='bbox 976 3447 996 3496; x_wconf 91' lang='lat' dir='ltr'><strong>a</strong></span> <span class='ocrx_word' id='word_1_153' title='bbox 1012 3447 1179 3519; x_wconf 93' lang='lat' dir='ltr'><strong>quocum</strong></span> 
     </span>
     <span class='ocr_line' id='line_1_24' title="bbox 184 3549 1180 3646; baseline -0.003 -25"><span class='ocrx_word' id='word_1_154' title='bbox 184 3573 249 3646; x_wconf 94' lang='lat' dir='ltr'><strong>pro</strong></span> <span class='ocrx_word' id='word_1_155' title='bbox 259 3552 526 3646; x_wconf 84' lang='lat' dir='ltr'><strong>quadragesima</strong></span> <span class='ocrx_word' id='word_1_156' title='bbox 539 3555 678 3625; x_wconf 91' lang='lat' dir='ltr'><strong>missam</strong></span> <span class='ocrx_word' id='word_1_157' title='bbox 693 3549 1068 3624; x_wconf 83' lang='lat' dir='ltr'><strong>Praesauctiiicatorum</strong></span> <span class='ocrx_word' id='word_1_158' title='bbox 1083 3568 1180 3618; x_wconf 86' lang='lat' dir='ltr'><strong>acce·</strong></span> 
     </span>
     <span class='ocr_line' id='line_1_25' title="bbox 185 3676 1180 3773; baseline -0.003 -25"><span class='ocrx_word' id='word_1_159' title='bbox 185 3678 314 3773; x_wconf 89' lang='lat' dir='ltr'><strong>perint,</strong></span> <span class='ocrx_word' id='word_1_160' title='bbox 333 3677 552 3771; x_wconf 74' lang='lat' dir='ltr'><strong>integrandae</strong></span> <span class='ocrx_word' id='word_1_161' title='bbox 577 3676 855 3770; x_wconf 69' lang='lat' dir='ltr'><strong>quadragesimae</strong></span> <span class='ocrx_word' id='word_1_162' title='bbox 878 3695 947 3744; x_wconf 94' lang='lat' dir='ltr'><strong>non</strong></span> <span class='ocrx_word' id='word_1_163' title='bbox 966 3682 1180 3767; x_wconf 83' lang='lat' dir='ltr'><strong>spreverunt</strong></span> 
     </span>
     <span class='ocr_line' id='line_1_26' title="bbox 186 3799 1182 3896; baseline -0.002 -24"><span class='ocrx_word' id='word_1_164' title='bbox 186 3803 409 3896; x_wconf 84' lang='lat' dir='ltr'><strong>exemplum,</strong></span> <span class='ocrx_word' id='word_1_165' title='bbox 439 3801 520 3872; x_wconf 89' lang='lat' dir='ltr'><strong>licet</strong></span> <span class='ocrx_word' id='word_1_166' title='bbox 549 3821 619 3872; x_wconf 95' lang='lat' dir='ltr'><strong>non</strong></span> <span class='ocrx_word' id='word_1_167' title='bbox 642 3801 833 3892; x_wconf 76' lang='lat' dir='ltr'><strong>jeJunaturi</strong></span> <span class='ocrx_word' id='word_1_168' title='bbox 865 3799 1043 3885; x_wconf 88' lang='lat' dir='ltr'><strong>sabbatis,</strong></span> <span class='ocrx_word' id='word_1_169' title='bbox 1080 3799 1182 3870; x_wconf 88' lang='lat' dir='ltr'><strong>aliter</strong></span> 
     </span>
     <span class='ocr_line' id='line_1_27' title="bbox 184 3921 1177 4016; baseline -0.006 -18"><span class='ocrx_word' id='word_1_170' title='bbox 184 3925 337 3998; x_wconf 88' lang='lat' dir='ltr'><strong>addituri</strong></span> <span class='ocrx_word' id='word_1_171' title='bbox 354 3923 537 4014; x_wconf 85' lang='lat' dir='ltr'><strong>jejunium.</strong></span> <span class='ocrx_word' id='word_1_172' title='bbox 558 3924 664 3996; x_wconf 90' lang='lat' dir='ltr'><strong>Vovit</strong></span> <span class='ocrx_word' id='word_1_173' title='bbox 688 3922 866 4016; x_wconf 88' lang='lat' dir='ltr'><strong>imperans</strong></span> <span class='ocrx_word' id='word_1_174' title='bbox 894 3922 1089 4008; x_wconf 87' lang='lat' dir='ltr'><strong>Heraclius,</strong></span> <span class='ocrx_word' id='word_1_175' title='bbox 1116 3921 1177 3994; x_wconf 93' lang='lat' dir='ltr'><strong>di-</strong></span> 
     </span>
    </p>
   </div>
   <div class='ocr_carea' id='block_1_3' title="bbox 187 4044 1305 4139">
    <p class='ocr_par' dir='ltr' id='par_1_3' title="bbox 187 4044 1305 4139">
     <span class='ocr_line' id='line_1_28' title="bbox 187 4044 1305 4139; baseline -0.004 -19"><span class='ocrx_word' id='word_1_176' title='bbox 187 4048 375 4122; x_wconf 87' lang='lat' dir='ltr'><strong>micaturus</strong></span> <span class='ocrx_word' id='word_1_177' title='bbox 407 4055 527 4118; x_wconf 88' lang='lat' dir='ltr'><strong>contra</strong></span> <span class='ocrx_word' id='word_1_178' title='bbox 563 4045 835 4138; x_wconf 84' lang='lat' dir='ltr'><strong>triumpbaqtem</strong></span> <span class='ocrx_word' id='word_1_179' title='bbox 868 4046 1079 4130; x_wconf 86' lang='lat' dir='ltr'><strong>Chosroam,</strong></span> <span class='ocrx_word' id='word_1_180' title='bbox 1121 4044 1182 4139; x_wconf 91' lang='lat' dir='ltr'><strong>qui</strong></span> <span class='ocrx_word' id='word_1_181' title='bbox 1300 4101 1305 4105; x_wconf 90' lang='lat'>.</span> 
     </span>
    </p>
   </div>
   <div class='ocr_carea' id='block_1_4' title="bbox 0 0 1590 5126">
    <p class='ocr_par' dir='ltr' id='par_1_4' title="bbox 0 0 1590 5126">
     <span class='ocr_line' id='line_1_29' title="bbox 0 0 1590 5126; baseline 0 0"><span class='ocrx_word' id='word_1_182' title='bbox 0 0 1590 5126; x_wconf 95' lang='lat' dir='ltr'><strong> </strong></span> 
     </span>
    </p>
   </div>
  </div>
 </body>
</html>
