3124 5126
795 558 964 622 -54-.-

383 727 480 822 (siout
496 726 587 796 inter
604 725 756 812 Latinos,
779 724 930 796 ordinati
948 723 1146 795 sacerdotes
1165 724 1283 818 plures
1297 745 1378 797 cum

380 849 568 922 ordinante
594 847 782 941 episcopo).
798 912 800 916 .
816 847 957 916 Interim
981 844 1209 918 meditaturos
1228 849 1374 942 populus

380 987 496 1057 extra,
512 968 677 1047 'sacrificii
690 971 793 1042 ritum
812 957 959 1065 percipit
973 991 1020 1040 cx
1036 970 1182 1042 vocibus
1196 995 1282 1066 quas
1303 996 1373 1046 au-

381 1097 457 1168 dire
475 1096 555 1166 licet
573 1091 617 1164 ab
635 1094 784 1165 occlusis
799 1093 1070 1178 celebrantibus,
1086 1103 1121 1162 et
1138 1105 1240 1166 extra
1259 1106 1377 1190 portas

380 1218 638 1292 modulantibus
660 1218 874 1288 cantoribus.
904 1217 998 1288 lnter
1023 1215 1260 1290 sacrificantes
1284 1219 1375 1312 (cum

380 1342 505 1436 quibus
515 1342 716 1433 frequenter
731 1339 822 1409 inter
840 1337 1075 1410 sanctuarium
1086 1335 1230 1432 adstiti),
1243 1361 1374 1433 praeses

380 1462 599 1556 degustatam
632 1461 730 1554 panis
757 1461 848 1532 sacri
874 1461 1027 1554 speciem
1054 1459 1232 1531 distribuit
1258 1461 1373 1553 gradu

378 1605 442 1656 suo
468 1596 503 1654 et
521 1583 644 1654 ordine
671 1585 821 1656 canteris.
853 1583 1079 1654 Devotissime
1097 1583 1267 1654 accedunt
1295 1585 1373 1654 sin-

378 1708 464 1800 guli,
484 1707 639 1777 extensis
658 1708 833 1794 manibus,
851 1706 1000 1777 dextera
1017 1705 1118 1776 alteri
1139 1706 1370 1800 superposita,

379 1855 518 1903 sursum
546 1833 657 1902 versis
676 1832 813 1925 palmis
843 1842 877 1902 et
907 1832 941 1900 in
971 1831 1083 1902 crucis
1109 1832 1218 1900 forma
1236 1831 1369 1902 locatis.

379 1955 433 2024 Ex
471 1965 595 2049 patena
631 1967 805 2048 sumptam
843 1954 981 2025 dnobus
1016 1954 1134 2048 digitis
1166 1954 1372 2049 particulam

380 2078 506 2172 palmae
523 2078 852 2149 communicantium
869 2077 1032 2170 apponit;
1061 2077 1181 2170 sicque
1199 2077 1244 2148 ad
1269 2101 1371 2149 suum

378 2201 492 2270 locum
519 2200 683 2288 reduces,
710 2202 877 2295 mysterio
907 2201 1157 2293 aliquantulum
1184 2200 1370 2288 meditato,

378 2325 540 2398 manibus
558 2327 603 2398 ad
621 2349 659 2398 os
686 2326 801 2398 ductis
828 2326 1087 2399 communicant
1113 2325 1311 2419 presbyteri
1337 2338 1373 2398 et

376 2448 527 2520 diaconi.
546 2449 601 2521 Ad
619 2473 757 2522 sacrum
772 2451 914 2522 calicem
932 2447 1202 2556 degustandum,
1220 2449 1372 2520 eundem

377 2584 540 2666 repetunt
556 2574 730 2645 ordinem.
757 2575 891 2646 Praeses
904 2583 1102 2660 extremum
1120 2571 1191 2642 veli
1208 2573 1300 2666 quod
1319 2584 1371 2645 te-

377 2691 484 2784 gebat
510 2695 653 2764 calicem
678 2694 767 2764 collo
791 2694 974 2788 appendit,
1002 2692 1197 2786 eodemque
1229 2693 1370 2766 calicem

376 2815 515 2887 duabus
533 2815 693 2888 manibus
710 2817 900 2911 accipiens,
919 2817 1012 2886 trino
1026 2815 1152 2886 haustu
1166 2817 1371 2908 sanguinem

378 2939 505 3025 sumit;
530 2939 778 3033 deponensque
810 2961 915 3034 super
932 2930 1049 3010 'attare
1075 2937 1229 3022 calicem,
1258 2941 1372 3033 primo

377 3061 423 3132 ad
453 3084 491 3134 se
522 3063 704 3134 accedenti
737 3065 870 3150 velum,
894 3073 1076 3158 postquam
1103 3061 1195 3132 labia
1225 3061 1371 3134 detersit

379 3187 467 3279 ipse,
488 3185 595 3256 tradit
613 3213 620 3256 :
640 3187 699 3280 qui
715 3186 837 3258 eadem
854 3188 1064 3258 caeremonia
1078 3187 1199 3257 vinum
1213 3209 1368 3274 sumone,

379 3310 516 3403 reponit
533 3311 689 3393 calicem,
710 3321 745 3379 et
764 3311 864 3381 alteri
879 3331 942 3381 suo
960 3308 1083 3380 ordine
1102 3309 1217 3380 velum
1233 3311 1366 3380 tribuit.

379 3433 528 3504 Calicem
542 3431 682 3502 tandem
703 3432 830 3526 accipit
848 3443 883 3504 et
908 3431 1071 3524 degustat
1099 3429 1287 3518 diaconus;
1313 3455 1369 3504 su·

375 3574 545 3645 mensque
568 3575 704 3624 sacrum
733 3554 866 3625 discum
882 3552 945 3626 'seu
962 3565 1138 3649 patenam,
1168 3555 1367 3647 particulas,

377 3698 464 3768 quas
479 3675 683 3776 margaritus
702 3689 842 3763 vocant,
867 3678 966 3750 calici
994 3676 1159 3759 immittit,
1186 3698 1289 3770 quem
1319 3699 1371 3748 re·

376 3810 494 3870 serato
511 3801 713 3873 sanctuario
730 3803 834 3895 capiti
848 3775 1104 3896 superpositum
1115 3801 1243 3894 populo
1252 3801 1367 3874 offert:

379 3932 416 3992 ut
442 3924 470 3994 si
509 3926 796 3997 communicaturi
824 3925 965 4012 adsunt,
1002 3923 1054 3994 cis
1084 3944 1164 4006 cum
1193 3926 1370 3998 cochleari
