3124 5126
789 648 955 712 -58-

376 819 478 903 alios,
498 817 676 911 extempio
693 812 793 886 finita
807 815 923 900 missa,
939 811 1091 886 eundem
1107 813 1251 888 calicem
1268 835 1369 888 com·

376 939 475 1012 muni
492 939 619 1033 populo
646 935 856 1021 exhibitum,
876 935 1066 1034 paroehum
1083 934 1287 1030 asportaret
1299 933 1365 1006 sed

376 1081 492 1154 neque
507 1059 574 1130 hoc
595 1057 739 1151 inveni);
757 1079 824 1130 neo
839 1057 945 1130 credo
960 1058 1009 1128 ita
1022 1057 1157 1129 occulte
1176 1057 1213 1129 id
1232 1056 1368 1128 facien-

376 1179 470 1264 dum,
488 1189 525 1250 nt
542 1201 613 1252 non
622 1181 856 1252 innotesceret
875 1179 1011 1251 millies.
1029 1180 1157 1251 Fateor
1173 1177 1370 1250 orientales

300 1291 304 1303 ’
376 1316 411 1378 et
424 1305 720 1399 Septentrionaies
738 1305 907 1378 minorem
932 1326 973 1376 ac
991 1325 1055 1378 nos
1080 1305 1116 1376 in
1146 1303 1289 1399 aegrotis
1305 1323 1369 1374 os·

375 1429 521 1501 tendere
534 1427 770 1515 formidinem,
787 1451 831 1501 ne
843 1430 1014 1500 minorem
1025 1438 1145 1501 taxem
1155 1428 1192 1498 in
1211 1436 1370 1522 aegroto·

374 1574 452 1624 rum
466 1553 672 1648 corporibus
686 1552 870 1625 medendis
883 1553 1087 1625 curamPro
1101 1554 1269 1624 Extrema
1277 1551 1369 1624 Unc-

376 1675 471 1748 tione
484 1675 630 1746 Goarius
643 1674 807 1750 observat
822 1675 871 1769 (in
884 1674 955 1747 fine
974 1696 1050 1750 var.
1063 1677 1144 1749 leet.
1156 1675 1264 1747 officii
1277 1675 1368 1760 Olei,

376 1799 553 1872 observat.
575 1795 612 1882 7,
628 1819 708 1892 pag.
727 1797 828 1892 348),
847 1797 942 1894 finita
958 1797 1070 1883 missa,
1086 1798 1256 1896 infirmum
1271 1797 1369 1896 unqt',

375 1918 442 1991 stre
459 1919 504 1990 *io
521 1915 658 2004 ecclesia,
686 1919 716 1991 si
728 1919 934 2017 atiquatenus
951 1917 1063 2004 ualeat,
1081 1919 1146 1992 sive
1162 1919 1198 1990 io
1212 1917 1324 2005 'domu
1339 1920 1372 1991 si

376 2044 461 2117 vires
481 2043 534 2115 itti
553 2041 717 2142 deficiunt.
737 2045 1027 2140 Credendumque
1051 2045 1134 2117 inde
1155 2045 1287 2132 reddit,
1308 2066 1371 2141 po·

376 2167 447 2238 tius
473 2165 603 2238 deduci
637 2167 673 2238 in
707 2167 889 2240 ecclesiam
922 2165 1371 2261 communicandos,‘quam

377 2290 613 2384 languidiores
641 2291 677 2361 in
695 2292 863 2363 extremis
883 2290 1078 2384 ungendos.
1104 2291 1164 2382 Ex,
1180 2291 1237 2363 his
1251 2301 1371 2363 tamen

378 2436 459 2510 quae
479 2415 599 2510 ipsein
618 2415 740 2487 Russia
756 2415 844 2501 vidi,
860 2437 1002 2508 segnem
1029 2415 1199 2488 incuriam
1221 2393 1369 2503 vereor3

377 2557 449 2629 qua
462 2536 525 2608 vix
543 2537 633 2609 uilus
654 2537 721 2609 erit
736 2538 899 2625 rusticus,
927 2538 987 2632 qui
1000 2531 1176 2610 medicum
1195 2537 1368 2625 advocet;

378 2660 473 2733 unde
489 2659 590 2753 pauci
607 2660 729 2732 mortis
757 2662 952 2754 periculum
978 2672 1137 2747 noscent,
1165 2671 1201 2734 et
1228 2662 1372 2756 plurimi

328 2771 330 2776 ’
380 2785 496 2855 forsan
521 2783 622 2855 citius
638 2784 968 2878 parochnm'adient
994 2807 1058 2880 pro
1082 2785 1284 2881 sepeliendo
1295 2787 1371 2878 jam

379 2905 529 3006 mortuo,
557 2904 618 2997 qui
634 2905 711 2976 sine
727 2905 862 2978 Viatioo
885 2928 985 2979 sacro
1010 2906 1217 2980 discesserit.
1246 2907 1371 2979 Errata

380 3029 475 3101 unde
494 3029 651 3123 qualibet
664 3029 861 3117 evenerint,
877 3031 969 3102 Deus
988 3029 1151 3124 corrigat.
