3124 5126
766 511 933 574 ..74-

348 681 436 752 facie
450 665 638 749 ‘Ecclesiae
679 678 921 772 desponsa-viu
966 678 1174 772 thronoque,
1207 678 1348 750 nemine

346 805 533 888 obstituro,
558 824 800 874 successuram
826 801 995 872 Ruthenis
1028 802 1201 895 praelecit,
1220 801 1348 896 quibus
1449 877 1453 888 ,

347 927 392 998 de
409 928 501 998 facto
531 936 608 1018 post
622 925 763 996 Petrum
784 925 797 992 l
821 923 964 994 biennio
978 923 1178 1017 imperavit.
1208 926 1345 997 Prolem

346 1049 464 1140 itaque
492 1069 540 1118 ex
570 1046 722 1118 secunda
749 1068 860 1117 uxore
892 1045 1072 1139 (ambobus
1097 1038 1345 1140 supervivente

348 1165 497 1268 conjuge
515 1168 637 1260 prima)
662 1167 890 1258 legitimatam
906 1167 1057 1238 mundus
1074 1168 1218 1260 agnovit
1237 1169 1271 1237 iu
1290 1170 1344 1238 ci-

342 1290 493 1366 vilibus;
522 1289 677 1359 Ecclesia
705 1308 789 1360 vero
812 1289 985 1371 lluthena‚
1019 1311 1101 1382 quae
1127 1288 1344 1382 subsequens

341 1412 600 1482 matrimonium
622 1411 818 1494 benedixit,
837 1432 919 1505 quae
949 1421 1097 1481 matrem
1123 1411 1260 1503 jamdiu
1276 1411 1342 1482 fili-

344 1555 458 1620 arum,
476 1536 734 1628 imperatricem
751 1536 853 1624 juxta
881 1557 1017 1605 sacrum
1039 1536 1142 1606 ritum
1157 1538 1341 1606 coronarit

340 1669 382 1732 et
394 1659 507 1742 unxit,
531 1658 624 1728 circa
644 1660 778 1752 prolem
793 1658 946 1728 habitam
962 1659 1193 1730 nildecrevit.
1216 1660 1341 1732 Ratio·

340 1803 403 1854 nes
416 1783 461 1854 ad
481 1795 667 1876 utrumque
692 1785 850 1855 historiae
861 1784 891 1856 si
909 1793 1058 1867 taceant,
1078 1783 1231 1855 Annales
1245 1806 1341 1856 com-

339 1918 510 1999 putnsque
535 1908 704 1978 natalium
727 1928 930 1978 communes
953 1906 1151 1978 ostendent.

735 2215 941 2226 u——-—

692 2539 831 2604 CAPUT
859 2541 987 2604 XVIII.

574 2831 786 2904 Matrimonia
809 2852 882 2905 cnm
909 2832 1092 2906 extrancis.

386 3147 542 3218 Alterius
563 3147 740 3240 religionis
757 3149 925 3238 conjuges
951 3148 1090 3218 rutheni
1110 3168 1180 3218 non
1203 3167 1337 3241 appro-

335 3268 435 3356 bant,
457 3268 521 3341 sed
539 3291 654 3364 neque
671 3269 841 3340 irritanda
865 3291 944 3340 cum
966 3269 1017 3340 eis
1037 3270 1260 3341 matrimonia
1277 3270 1338 3342 di-

334 3393 656 3488 cunt.„Exemplum
679 3394 768 3464 Aula
794 3393 920 3463 datura
945 3392 1086 3486 praeivit
1113 3419 1121 3462 :
1155 3393 1333 3486 quomodo

333 3517 472 3610 nuptias
485 3517 614 3586 similes
628 3517 832 3587 inferiorum
852 3516 1008 3586 Ecclesia
1036 3515 1249 3586 damnaret?
1274 3517 1336 3586 ln-

332 3641 534 3732 frequentes
551 3662 604 3711 eae
619 3650 701 3712 sunt
723 3668 731 3725 ;
760 3640 822 3711 sed
848 3641 944 3712 omni
968 3641 1043 3710 fere
1058 3643 1163 3710 statui
1183 3639 1258 3712 vidi
1276 3662 1336 3715 eas

333 3783 547 3834 communes.
570 3764 638 3834 Has
660 3784 729 3834 non
751 3760 965 3834 benedicere
992 3784 1115 3834 eorum
1141 3764 1334 3834 Ecclesiam

330 3897 465 3959 certum
483 3898 549 3973 est,
570 3865 664 3981 quod
682 3889 796 3960 exteri
816 3911 885 3960 non
907 3899 1107 3982 quaererent
1125 3916 1133 3974 ;
1161 3890 1330 3968 feminam
