3148 5132
814 599 1012 712 -eu-'

398 816 528 888 bellem
553 815 813 886 Cromweltiani
844 815 1054 885 Parlamenti
1085 815 1286 886 succollavit
1313 816 1385 907 gla-

399 940 507 1011 dium.
521 939 568 1008 ita
581 948 695 1008 tamen
707 937 960 1030 oppugnaturis
974 937 1069 1008 istud
1083 937 1254 1008 exhibent
1266 937 1391 1008 Luthe·

398 1063 492 1133 ranis
505 1061 653 1132 officium
665 1060 758 1153 (ante
772 1060 957 1130 lectionem
971 1059 1091 1154 Apost.
1107 1061 1265 1131 collecta:
1283 1079 1389 1154 quam

396 1185 484 1254 sieut
503 1194 614 1269 verto,
641 1184 675 1252 in
693 1182 820 1275 gallica
848 1183 1009 1252 versione
1025 1182 1143 1274 liturg.
1161 1182 1294 1254 Eccles.
1312 1182 1391 1252 An-

396 1310 495 1402 gtiu.‚
521 1309 618 1400 jussu
645 1307 751 1400 Regis
778 1309 888 1391 4662,
908 1306 1054 1399 appreh.
1078 1328 1198 1378 recusa
1224 1307 1391 1394 Londini,

396 1435 506 1519 toea,
523 1435 568 1505 ita
583 1432 673 1525 lego)
689 1459 694 1500 :
709 1429 958 1526 Mapnifieamns
973 1454 1085 1500 nornen
1096 1443 1187 1500 taam
1199 1433 1384 1530 (Domine),

393 1555 450 1652 qui
467 1555 625 1651 dipnatus
640 1577 672 1624 es
696 1567 820 1624 tanturn
835 1552 954 1647 pratiae
975 1566 1037 1622 tuoe
1063 1556 1187 1649 rapiam
1203 1580 1300 1650 snper
1317 1556 1386 1628 Ra-

391 1705 463 1775 qem
477 1704 514 1749 aa
526 1702 711 1772 supremum
727 1677 901 1746 Dominum
913 1675 950 1744 N
952 1734 959 1746 .
971 1674 1158 1773 Martyram
1174 1691 1264 1749 taam
1274 1678 1358 1776 effen
1371 1727 1385 1742 .

322 1789 325 1794 ¹
391 1797 477 1884 dere,
499 1824 563 1896 qua
586 1798 732 1894 potnerit
762 1795 813 1866 lu'e
843 1795 999 1893 pandens,
1021 1801 1238 1894 proeeepteris
1255 1815 1285 1871 et
1304 1801 1384 1876 Sat-

389 1922 509 1993 aatoris
535 1922 588 1992 sai
618 1933 767 2018 aequatus
798 1919 949 2016 aestima,
978 1934 1160 1992 constanter
1191 1923 1385 1998 crudeliores

389 2071 601 2144 quascumque
618 2044 755 2142 sufferre
770 2043 924 2138 injurias,
940 2042 1054 2140 quibas
1069 2069 1168 2143 usque
1184 2045 1227 2116 ad
1241 2052 1381 2146 sanqui-

389 2169 441 2240 nis
463 2165 643 2265 effusionem
664 2167 837 2250 resisteret,
854 2191 975 2262 repens
1002 2169 1038 2238 in
1062 2183 1162 2240 inerte
1186 2196 1249 2266 pru
1274 2172 1382 2242 inter-

386 2293 570 2389 fectoribus,
592 2291 898 2388 ejusdemseqaatns
915 2292 1110 2388 eaenrplnrn.
1132 2295 1201 2366 Fue
1222 2298 1383 2389 (Domine

388 2417 506 2510 Deus),
526 2415 561 2485 in
574 2412 894 2486 oeternarnbenediuti
920 2439 939 2484 a
963 2413 1050 2484 nobis
1065 2415 1170 2511 ipsias
1192 2419 1382 2517 (Martyris)

387 2537 588 2623 rnernariarn,
624 2548 659 2605 nt
680 2560 751 2604 earn
774 2533 997 2632 sufferentiam
1021 2560 1059 2606 ae
1084 2534 1278 2608 charitatem
1300 2539 1381 2612 irni-

390 2672 508 2746 ternnr‚
527 2657 569 2729 ad
586 2682 681 2754 quarn
699 2655 789 2726 nobis
811 2654 941 2751 reliquit
964 2656 1144 2752 exemplam
1162 2683 1172 2727 .·
1191 2659 1283 2753 enjus
1300 2648 1384 2733 san*-

385 2779 461 2872 9nis
477 2804 640 2876 nunquam
655 2777 1026 2875 requirataremanibau
1042 2777 1253 2850 habitantium
1267 2782 1303 2850 in
1315 2796 1379 2852 ter-

387 2926 427 2971 ra
442 2901 500 2971 Irae
515 2902 671 2974 incolatus
684 2900 801 2972 nostri.
815 2901 878 2972 Per
887 2899 974 2971 DN
975 2960 982 2973 .
996 2901 1118 2972 Jesunr-
1126 2901 1301 2988 Clun'stnnr,
1316 2919 1377 2977 ete.

387 3026 483 3097 idem
515 3037 677 3120 repetunt
705 3027 915 3118 vespertinae
932 3047 1075 3119 preces·
1096 3049 1196 3121 quas
1231 3051 1276 3098 ne
1307 3028 1380 3098 An-

387 3148 537 3240 glorum,
558 3147 674 3220 oblitis
688 3147 869 3232 Ruthenis,
890 3147 1069 3218 historiam
1093 3149 1245 3220 texuisse
1266 3149 1377 3237 dicar,

388 3272 520 3342 omitto.
538 3273 667 3342 Tamen
699 3294 741 3343 ea
760 3271 998 3342 Ruthenorum
1017 3271 1157 3342 nomine
1177 3273 1384 3344 Lutheranis

388 3392 513 3484 objicio
536 3420 542 3464 :
564 3405 601 3464 ut
618 3395 674 3465 vel
691 3395 831 3486 Anglos*
850 3415 920 3465 non
942 3393 1195 3488 approbaturos
1222 3407 1378 3482 noscant,

388 3515 482 3606 quod
500 3518 738 3608 superstitiose
764 3518 833 3609 legi
858 3517 924 3610 ipsi
950 3516 1067 3587 dicant
1095 3519 1131 3587 in
1154 3519 1292 3610 templis
1313 3519 1381 3588 Ru-

387 3637 586 3724 thenorum‚
617 3642 841 3712 colendorum
860 3643 1065 3712 Sanctorum
1092 3653 1212 3735 gesta;
1234 3653 1294 3713 aut
1313 3642 1387 3712 An-

389 3759 469 3850 glis,
486 3763 572 3852 quo's
586 3764 779 3835 Novatores
794 3765 1039 3835 nanciscantur
1055 3763 1157 3856 hujus
1175 3765 1386 3836 criminatio-

391 3881 445 3952 nis
475 3883 599 3970 socios,
632 3887 666 3957 in
693 3887 865 3960 salvanda
890 3888 1074 3980 anglicana
1100 3888 1241 3982 liturgia
1270 3887 1385 3958 ferant

388 4009 574 4100 suppetias.
