3124 5126
615 570 800 633 -119-

217 766 317 829 ouae3
338 746 436 838 cujus
449 748 675 840 professores,
693 750 943 842 utplurimum,
965 771 984 818 c
1000 749 1204 842 polonorum

213 871 419 943 lesuitarum
435 871 623 944 confinium
639 874 793 966 collegiis
820 875 1045 966 transcriptos
1073 883 1199 945 tracta·

218 1005 273 1066 tus
298 995 548 1082 rescribendos
596 995 772 1088 discipulis
814 995 1000 1080 dictitant;
1046 995 1206 1088 ludisque

215 1119 393 1189 litterariis
404 1117 680 1200 solemnioribus,
695 1115 821 1187 oblatis
835 1115 990 1210 thesibus
1003 1139 1205 1210 pppugnan·

213 1240 282 1325 dis,
301 1251 447 1312 caeteros
463 1261 691 1311 concursuros
720 1239 903 1310 advocant.
934 1241 1003 1310 lllic
1040 1243 1206 1312 invitatus

218 1364 348 1456 pluries
381 1364 488 1448 adfui,
529 1365 707 1456 semelque
741 1363 906 1433 insertam
941 1363 1064 1434 thesim
1082 1363 1207 1434 ordine

211 1497 359 1567 sextam,
377 1485 421 1556 de
440 1487 658 1580 processione
672 1484 823 1577 Spiritus
836 1485 944 1554 sancti
958 1506 978 1554 a
992 1485 1066 1554 solo
1087 1486 1204 1570 Patre,

215 1627 283 1675 non
304 1607 384 1676 item
416 1627 436 1674 a
466 1607 565 1691 Filio,
598 1617 863 1698 oppugnaturus
896 1608 1039 1676 accessi.
1079 1608 1139 1675 Die
1160 1610 1198 1678 21

220 1728 302 1820 (vet.
321 1739 363 1798 st.
384 1727 543 1820 ldljulii,
557 1749 648 1799 anno
664 1727 757 1800 tiso
775 1727 968 1820 designata,
986 1731 1122 1818 integro
1141 1751 1207 1822 pa-

214 1851 315 1932 tenti,
336 1853 470 1920 cunctis
489 1851 689 1921 Moscovitis
704 1853 837 1941 ignoto,
854 1851 943 1920 sacri
963 1851 1029 1918 mei
1061 1851 1201 1922 llrdinis

214 1969 350 2054 habito,
369 1972 413 2040 ab
443 1953 683 2042 ecclesiasticis
697 1985 731 2041 et
757 1959 982 2042 saecularibus
1001 1973 1211 2064 proceribus

193 2094 413 2165 civilissimo
440 2095 473 2162 in
494 2095 630 2163 theatro
656 2106 815 2186 receptus
834 2093 961 2188 (typica
989 2117 1053 2164 nec
1083 2068 1206 2164 obser-¹

214 2240 301 2290 vans
318 2205 433 2288 dblata
452 2205 681 2310 exemplaria,
694 2219 738 2288 ob
758 2239 838 2310 quae
853 2219 946 2288 domi
963 2221 1206 2290 aliomonente

216 2343 344 2424 revisa,
360 2341 444 2433 quid
463 2355 580 2434 postea
594 2343 742 2433 egerim,
761 2363 844 2412 mox
863 2341 1021 2437 referam)
1040 2345 1205 2438 praeviam

216 2465 441 2558 disputationi
456 2443 834 2558 salutatiunculam'pro
851 2488 946 2536 more
963 2467 1013 2537 sic
1027 2469 1165 2561 protuli.
1182 2499 1201 2535 »
1236 2513 1238 2516 -

265 2588 439 2682 (Sequitur
458 2588 635 2681 prologus,
658 2609 760 2680 quem
776 2587 956 2660 brevitatis
977 2593 1085 2683 gratia
1110 2613 1205 2684 prae-

217 2715 452 2784 termittimus,
485 2713 629 2796 -Quo
663 2713 835 2794 absoluto,
867 2718 1204 2807 argumentationem

215 2837 264 2907 sic
290 2837 324 2904 in
358 2834 466 2903 lorma
500 2835 678 2926 proposuit
711 2834 746 2904 P.
782 2835 945 2928 Riberal:

272 2983 288 3022 «
318 2957 466 3048 Spiritus
496 2956 532 3022 S.
566 2954 718 3047 procedit
756 2976 777 3025 a
806 2956 919 3041 Patre,
953 2961 1206 3052 praesupposito

217 3081 312 3174 prius
329 3080 462 3170 origine
472 3079 581 3176 Filio-5
601 3078 664 3148 sed
681 3079 762 3150 llilio
780 3081 989 3170 originalive
1004 3106 1081 3152 cum
1097 3087 1197 3157 Patre

216 3205 406 3297 supposito,
427 3223 492 3269 non
511 3211 622 3293 potest
632 3200 778 3292 Spiritus
792 3200 861 3273 Sa
879 3204 979 3274 Patre
991 3207 1192 3297 procedere,

215 3329 302 3400 sicut
317 3327 474 3396 Salvator
493 3324 593 3406 dicit,
621 3325 703 3416 quio
723 3347 862 3418 quoque
877 3329 1074 3419 procedata
1090 3331 1174 3401 Filio
1192 3358 1200 3403 :

184 3477 188 3482 ·
215 3471 299 3542 ergo
316 3470 336 3518 a
354 3447 440 3517 Filio
459 3444 613 3538 procedit
635 3445 757 3515 sicula
775 3443 886 3518 Patre.
910 3473 925 3514 r
955 3450 1071 3541 Pergit
1086 3451 1200 3522 idem:

264 3572 351 3656 Quae
381 3571 472 3639 circa
500 3569 831 3638 demonstrationem
854 3570 944 3642 hanc
961 3573 1084 3642 luerint
1106 3595 1202 3668 prae·

215 3693 330 3764 missis
347 3690 591 3762 examinandis
605 3690 776 3782 exposita,
794 3693 929 3784 integra
945 3695 1200 3784 horadecursa,

215 3839 280 3889 nec
307 3816 407 3886 facile
439 3824 646 3907 repeterem.
681 3814 959 3908 Respondentom
994 3820 1114 3890 audivi
1142 3843 1205 3916 pro

214 3935 484 4011 defendentibus
511 3935 636 4006 lllustr.
667 3946 702 4004 et
733 3935 816 4007 Rev.
851 3937 1106 4034 Theophanem,
1148 3963 1204 4012 ar·
