3124 5126
774 551 960 628 ..rel-.-

375 746 488 840 chiep.
506 745 762 838 Novogorodiae
790 747 880 816 iuter
900 746 1064 818 ruthenos
1080 747 1240 841 praelatos
1269 769 1369 818 sum-

376 891 470 940 mum
497 884 530 940 et
558 869 843 940 eruditissimum.
889 875 893 881 '

312 1024 317 1034 ·
413 991 663 1062 .Placidissime
698 991 864 1084 praedicta
887 1007 1078 1062 evenerant
1118 997 1370 1089 :exemplaria

376 1115 469 1186 euim
487 1115 604 1209 typica
623 1128 703 1185 aute
719 1117 909 1186 solemnem
927 1136 1133 1188 concursum
1156 1119 1280 1198 invisa,
1305 1141 1370 1190 uec

380 1233 617 1329 disputaturos
643 1237 865 1329 aspexeram,
894 1259 957 1308 nec
990 1249 1108 1330 postea
1128 1239 1194 1310 nisi
1219 1241 1372 1314 monitus

376 1379 525 1448 uuquam
557 1358 601 1430 de
632 1359 799 1430 caelatura
831 1381 1022 1443 curassem,
1044 1383 1148 1453 quam
1180 1363 1372 1454 symbolice

378 1501 448 1550 nou
479 1480 705 1552 credidissem
748 1483 997 1574 turpissimam,
1032 1483 1095 1553 sed
1142 1484 1366 1554 materialiter

374 1601 607 1698 despexissem
620 1603 825 1674 deformem.
843 1605 1040 1674 involutam
1056 1606 1215 1674 chartam
1227 1603 1371 1674 domum

375 1747 482 1817 usque
514 1727 663 1808 servavi,
696 1727 903 1819 reposuique
934 1728 1010 1797 aliis
1038 1729 1190 1798 intentus
1208 1726 1367 1796 recondi·

376 1858 473 1916 tam:
512 1868 590 1915 cum
620 1869 701 1918 ecce
745 1869 800 1919 me
830 1849 1013 1932 curiosior,
1043 1850 1103 1942 qui
1130 1871 1206 1920 eam
1241 1859 1367 1919 exacte

359 1967 637 2054 observaverat,
661 1971 705 2040 ad
738 1993 793 2040 me
820 1971 915 2040 veuit
943 1971 1189 2064 postbiduum.
1211 1971 1368 2040 -Num

375 2091 559 2176 vidissem,
580 2093 809 2188 interrogavit.
824 2094 1020 2177 subridens,
1041 2093 1254 2220 exemplari?
1283 2113 1363 2184 quaa

349 2233 351 2237 ’
374 2235 573 2307 receperam
605 2215 754 2288 thesium
772 2223 787 2289 t
803 2218 954 2309 lugeuue
989 2221 1116 2288 lassum
1144 2217 1187 2288 ad
1217 2217 1283 2286 hoc
1301 2235 1369 2285 uon

374 2337 574 2422 attendisse,
594 2359 650 2409 me
671 2341 753 2410 item
770 2341 892 2410 institit
908 2341 1085 2410 uticouem
1101 2338 1368 2432 supercaelatam

376 2463 603 2555 inspicerem;
620 2465 674 2532 cui
697 2463 892 2554 obsequens
909 2484 988 2532 cum
1019 2460 1175 2555 explicui
1198 2461 1369 2546 chartam,

374 2585 579 2654 crassiorem
592 2585 628 2654 iu
643 2587 751 2654 electa
771 2583 1006 2676 ligura,quam
1022 2586 1055 2653 iu
1071 2585 1219 2678 pessime
1234 2597 1370 2654 susten·

370 2717 445 2775 tata
462 2709 617 2790 materia,
640 2706 863 2799 praeceptoris
894 2705 1079 2798 theologiae
1100 2707 1243 2800 percepi
1270 2727 1373 2776 men-

375 2841 445 2903 tem
460 2861 465 2900 :
486 2831 578 2900 hauc
593 2831 722 2924 quippe
733 2833 808 2902 siue
820 2833 979 2902 acumine
994 2833 1065 2903 ullo
1077 2832 1240 2903 sustinuit
1253 2859 1261 2915 ;
1279 2832 1373 2902 illam

372 2957 602 3047 irreligiosius
642 2958 805 3048 magistra
834 2959 1025 3030 rusticitate
1061 2960 1194 3050 eligere
1234 2955 1367 3027 didicit.

375 3079 567 3150 Videbatur
614 3081 779 3152 ornandis
811 3083 967 3154 thesibus
997 3083 1238 3174 supersculpta
1274 3078 1373 3152 Reli-

377 3206 491 3299 giouis
508 3205 637 3297 imago
651 3215 709 3274 aut
729 3205 837 3292 Fidei,
860 3207 1048 3277 alteriusve
1062 3203 1219 3294 ejusdem
1237 3203 1376 3274 cerebri

377 3330 531 3419 corrupti
565 3328 752 3420 figmenti,
775 3343 973 3422 prostratas,
1008 3331 1157 3399 inversis
1188 3329 1372 3422 capitibus,

376 3464 508 3546 septem
527 3451 592 3521 sub
604 3451 894 3544 pedibushabeus
908 3453 1002 3536 alias,
1025 3452 1068 3522 ad
1085 3473 1187 3544 quas,
1208 3449 1375 3521 exeunti·

375 3576 497 3647 busex
515 3575 665 3666 ipsarum
681 3597 741 3645 ore
757 3577 949 3660 sententiis,
970 3575 1123 3646 vicissim
1138 3595 1184 3644 ex
1200 3573 1375 3666 suodaret

378 3719 555 3792 responsa.
582 3699 786 3792 Suppositas
808 3701 950 3770 sinistro
979 3699 1068 3794 pede
1100 3700 1258 3770 calcabat
1292 3717 1376 3789 qua·
1416 3685 1419 3694 ’

370 3835 472 3905 tuor,
493 3831 563 3890 tres
578 3819 717 3893 dextro.
737 3822 944 3894 Nominibus
958 3822 1117 3915 expressi
1135 3819 1373 3913 legebantur:

392 3945 486 4016 illiue
521 3949 645 4030 Arius,
675 3939 918 4029 Macedonica,
945 3949 1136 4024 Lutherus,
1181 3948 1377 4018 Calvinusr
