3148 5132
580 676 623 690 ..
646 642 748 706 tt·-

163 811 251 882 viris
264 790 468 884 sanctorum
491 813 583 885 latta
605 811 767 890 illicitum
784 830 855 892 nott
874 809 1030 888 reddunt
1055 809 1160 882 dubi-

165 935 252 1004 tanti
269 935 433 1006 exactius
455 934 672 1009 scrutinium.
703 933 884 1016 Communi
908 935 1029 1026 pietati
1049 935 1162 1006 medi-

165 1056 273 1128 tanda
305 1079 386 1150 quae
416 1057 616 1150 approbans
646 1057 808 1149 proponit
837 1057 1002 1140 Ecclesia,
1040 1069 1161 1130 sancta

163 1191 261 1252 certo
296 1180 409 1252 credit
436 1165 581 1270 religio‘
601 1178 773 1272 sacrilega
798 1177 942 1270 negabit
979 1179 1158 1270 impietas;

163 1302 318 1395 ambiget
335 1303 425 1374 oiroa
447 1324 489 1376 ea
512 1303 625 1376 solum
641 1303 768 1374 haeresi
782 1303 964 1395 plusquam
985 1304 1157 1394 proxima,

163 1426 289 1513 insana.
317 1447 358 1497 ao
384 1426 483 1500 *male
520 1439 623 1499 cauta
659 1427 850 1501 temeritas.
892 1429 988 1502 Hanc
1028 1427 1158 1498 nedum

162 1547 483 1630 Graeco-ll-utheua,
503 1547 632 1619 nedum
655 1547 820 1648 Romana,
835 1547 899 1620 sed
914 1561 949 1618 et
966 1549 1158 1640 Anglicana

160 1673 228 1744 etsi
241 1671 452 1746 calviuizans
473 1669 706 1751 detestabitur
721 1671 875 1748 Ecclesia
893 1699 900 1742 :
918 1693 998 1764 quae
1014 1694 1075 1765 per
1092 1694 1160 1744 au·
1267 1718 1272 1727 =

161 1815 245 1864 nuru
255 1795 461 1866 Sanctorum
475 1793 560 1868 leste
575 1782 844 1874 recolens,ao,in
859 1793 1077 1868 orationibus
1088 1795 1159 1864 vir-

138 1953 140 1956 ·
161 1927 253 1992 tutes
266 1937 386 2004 eorum
399 1919 590 2012 peculiares
607 1919 676 1998 [leo
688 1916 1064 2011 rogandopropouens,
1080 1941 1159 1988 me-

168 2033 388 2114 ditandasad
404 2041 516 2112 minus
536 2041 683 2127 virtutes
698 2042 902 2118 Sanctorum
930 2040 1051 2132 olfert3
1073 2062 1160 2132 quos

165 2163 416 2237 intercessuros
445 2185 513 2235 non
544 2163 668 2248 credit,
689 2162 910 2256 orandosque
935 2175 1051 2256 negat.
1073 2163 1160 2258 (Nisi

163 2287 258 2366 enim
272 2275 502 2372 meditandus,
520 2298 557 2358 ut
580 2287 665 2380 quid
679 2299 969 2362 commemoraret
991 2289 1152 2373 Sanctus,

164 2429 229 2494 neo
244 2409 319 2502 ipsa
336 2409 429 2480 dicet
445 2435 453 2478 t
470 2410 552 2491 imo,
573 2431 651 2480 cum
672 2409 785 2502 potius
804 2410 874 2480 Deo
892 2385 1031 2494 scienti,
1049 2431 1157 2501 quarn

164 2530 338 2606 monendo
356 2533 482 2624 populo
500 2543 681 2624 proponat,
705 2531 782 2623 plus
801 2530 984 2604 movendae
1003 2531 1061 2600 Oai
1080 2532 1158 2601 cle-

165 2653 307 2726 mentiae
323 2675 370 2724 ert
387 2674 506 2728 eorum
530 2653 675 2736 meritis,
696 2673 800 2744 quam
822 2651 1033 2731 inducendis
1048 2674 1158 2723 oran-

165 2773 258 2848 tibus
285 2776 552 2871 adssSauctorum
581 2777 745 2870 exempla
763 2757 936 2860 sectandi,
959 2777 1160 2865 Auglorum

164 2898 343 2990 liturgiam
371 2899 567 2971 deseretis
591 2920 661 2975 non
693 2897 892 2983 intendere,
912 2894 1160 2990 operosissime

163 3025 383 3098 sustinebant
396 3036 497 3097 extra
512 3025 676 3117 Angliam
686 3023 979 3116 Cantabrigenses
994 3035 1052 3096 aut
1066 3025 1159 3094 Oxo-

171 3151 507 3242 nienseslllagistri).
526 3151 615 3222 Solis
637 3151 872 3223 Noratoribus
889 3150 966 3223 aliis
989 3149 1162 3242 purgandi

168 3275 374 3346 viderentur
394 3295 440 3344 en
457 3273 510 3344 his
528 3274 720 3367 Auglorum
750 3275 861 3358 ritus;
892 3295 994 3346 nemo
1020 3295 1161 3367 quoque

165 3395 441 3484 catholicusnon
462 3396 692 3490 impugnabit,
712 3395 807 3490 quod
827 3395 886 3466 die
902 3395 996 3467 XXX
1009 3393 1160 3484 januarii

167 3519 376 3612 martyrium!
402 3520 565 3612 religiose
595 3519 781 3590 colendum
817 3517 1007 3590 adhibeant
1037 3537 1159 3588 eorum

168 3643 271 3734 Regis
285 3643 397 3714 Caroli
417 3643 444 3728 l,
460 3645 521 3736 qui
537 3642 660 3714 eadem
678 3642 736 3712 die
754 3641 858 3734 (novo
874 3641 978 3734 stylo,
993 3641 1038 3710 lX
1053 3639 1159 3736 febr.)

165 3767 249 3836 anni
281 3769 390 3852 4659,
422 3789 488 3837 nec
518 3767 644 3838 haeresi
674 3767 823 3858 ejurata,
859 3763 945 3856 (vid.
979 3764 1161 3836 Graveson

166 3892 253 3963 Hist.
277 3890 370 3961 llccl.
392 3912 461 3960 sec.
486 3889 593 3976 xvir,
625 3890 776 3981 colloqu.
813 3889 838 3974 l,
860 3900 895 3958 et
912 3887 1009 3980 alios)
1034 3909 1102 3960 non
1123 3891 1157 3961 in

169 4035 261 4086 verae
278 4012 362 4084 fidei
377 4012 504 4099 odium,
526 4012 589 4084 sed
620 4014 656 4084 in
684 4009 880 4107 tyrannidis
905 4011 1065 4096 fulcrum,
1097 4035 1159 4084 re-

995 4195 996 4199 ,
1066 4153 1083 4206 a
