3124 5126
626 627 797 691 ...75-

206 805 337 878 tamen,
360 791 427 862 nisi
452 813 499 860 ex
521 791 652 862 familia
674 793 883 887 Imperante,
913 801 1016 863 extra
1041 791 1201 864 Russiam

206 911 365 1012 nupsisse
392 913 512 986 audivi
552 915 708 1011 nullam:
741 917 836 988 unde
864 938 929 988 nec
955 916 1043 1010 ipsae
1070 919 1202 988 exteris

206 1050 325 1133 nuptae
339 1060 438 1108 suam
453 1039 654 1132 relinquunt
676 1039 882 1126 Ecclesiam,
907 1063 973 1112 nec
998 1063 1117 1112 earum
1145 1040 1204 1109 vi·
1290 1117 1302 1126 s

210 1185 265 1236 ros
278 1164 322 1234 ad
337 1146 418 1234 werana
435 1163 660 1256 compellunt.
682 1163 811 1234 Curare
828 1186 921 1236 vero·
932 1165 1050 1250 valde,
1071 1165 1203 1258 prolem

206 1311 345 1360 omnem
364 1288 525 1358 ruthenae
544 1287 701 1358 mulieris
722 1286 892 1381 baptizari
907 1289 943 1358 in
957 1291 1032 1380 ejus
1049 1289 1202 1363 Ecclesia

210 1410 421 1502 educarique
440 1410 476 1478 in
498 1410 573 1499 ejus
597 1409 679 1493 fide,
706 1411 863 1482 dicentes
886 1413 979 1504 quod
995 1421 1113 1505 partus
1140 1433 1203 1483 se-

208 1545 335 1628 quatur
362 1543 513 1617 uterum,
546 1543 599 1604 est
627 1534 873 1605 certissimum.
894 1535 929 1604 Si
960 1546 1074 1606 tamen
1104 1547 1204 1630 pater

209 1657 318 1726 semer
339 1653 450 1724 fitium
476 1655 512 1724 in
540 1655 607 1725 arra
636 1655 791 1728 Ecclesia
818 1631 1065 1752 baptizaverit,
1095 1658 1214 1730 ronr-v

210 1799 290 1849 nam
307 1777 532 1850 ecclesiastici
550 1779 745 1871 increpant,
766 1779 979 1874 baptismum
999 1791 1116 1852 tamen
1135 1803 1204 1852 non

212 1910 388 1993 repetunt.

260 2026 401 2094 Scotum
418 2025 499 2094 novi
515 2023 702 2117 quemdam
722 2024 943 2108 catholicum,
955 2025 1107 2116 «majoris
1121 2017 1207 2118 gra-

211 2147 276 2217 dus
293 2147 328 2216 in
348 2147 472 2216 militia
486 2145 667 2216 officialem
691 2148 901 2232 Smolensci;
923 2149 1021 2240 cujus
1039 2150 1202 2241 quando·
1282 2207 1286 2218 .

134 2321 137 2328 -
212 2293 362 2364 cumque
387 2271 578 2363 peperisset
605 2291 694 2338 uxor
720 2271 881 2354 ruthena,
898 2271 1067 2366 baptizari
1094 2271 1205 2345 filium

212 2395 334 2465 volens
351 2394 385 2462 in
399 2414 459 2462 sua
477 2393 645 2476 Ecclesia,
666 2405 799 2485 patrem
814 2395 913 2486 quasi
927 2395 971 2464 ad
993 2394 1028 2464 id
1046 2387 1208 2489 compelli

213 2514 424 2611 procurabat
443 2535 505 2608 per
523 2515 673 2584 civitatis
686 2517 900 2609 episcopum.
916 2518 1208 2612 Restititsemper
1244 2558 1248 2567 ·

214 2651 327 2734 pater,
348 2638 481 2708 nullum
500 2639 562 2706 etsi
580 2637 714 2709 habens
739 2639 787 2708 ibi
815 2639 1060 2733 presbyterum
1087 2641 1207 2711 catho-

214 2764 345 2845 licum;
377 2761 506 2842 dicens,
530 2781 596 2828 nec
623 2758 712 2831 filios
738 2761 829 2832 velle
856 2761 1091 2853 subjiciendos
1108 2764 1208 2833 alteri

212 2904 317 2976 quam
343 2903 417 2953 suae
445 2881 621 2964 Ecclesiae,
642 2880 793 2974 ideoque
813 2903 877 2953 nec
897 2884 1088 2978 baptizatos
1108 2906 1129 2954 a
1149 2905 1207 2954 ru·

211 3009 324 3082 theno
336 3007 498 3077 ministro
516 3034 523 3076 :
544 3006 638 3074 hunc
653 3005 720 3074 rite
741 3006 998 3100 baptizaturum
1014 3029 1083 3078 non
1101 2997 1204 3078 dubi·
1294 3043 1298 3047 ·

213 3142 304 3218 tans,
330 3130 392 3202 sed
422 3130 505 3224 quia
536 3129 732 3220 cogendum
759 3129 840 3199 inde
866 3130 999 3200 sciebat
1027 3129 1135 3200 filium
1166 3129 1210 3200 ad

214 3275 336 3326 eorum
357 3253 560 3336 Ecclesiam,
576 3250 672 3344 quod
687 3251 762 3345 ipse
782 3250 937 3321 nolebat.
958 3253 1112 3345 Urgente
1131 3275 1209 3322 cum
1276 3240 1279 3243 ’
1321 3281 1323 3288 ’

216 3390 327 3451 matre
341 3399 479 3472 semper
495 3375 673 3470 episcopo,
694 3385 795 3444 natos
821 3375 883 3443 vix
908 3374 998 3445 duos
1014 3376 1211 3446 successive
1251 3361 1255 3368 ⁸

217 3503 306 3574 filios
319 3512 418 3597 pater
436 3502 526 3573 clam
545 3519 664 3569 secum
682 3498 827 3582 ducens,
848 3520 889 3568 ac
911 3498 957 3570 ad
980 3499 1128 3592 primam
1146 3501 1211 3570 Po·

215 3629 377 3698 lonorum
394 3621 585 3696 confinium
599 3618 734 3690 urbem
754 3618 841 3691 Orlci
859 3643 1024 3714 pergens,
1053 3621 1210 3714 baptiza·

217 3763 270 3820 tos
298 3770 358 3820 eos
383 3770 404 3817 a
433 3744 602 3816 catholico
631 3743 784 3837 parocho
811 3745 845 3814 in
873 3743 1016 3812 domum
1046 3743 1209 3828 restituit,

218 3875 338 3966 sicque
364 3882 399 3941 et
422 3869 577 3965 episcopi
602 3879 637 3940 et
664 3869 793 3952 matris
810 3877 954 3938 conatus
975 3867 1109 3953 elusil;
1148 3889 1213 3938 nec

219 4000 321 4071 aliter
333 4018 371 4068 se
385 4016 537 4088 unquam
553 3993 737 4084 facturum,
755 3993 918 4088 episcopo
935 3993 971 4062 in
990 4013 1118 4064 vanum
1140 3994 1211 4062 mi-
1276 4057 1277 4060 ,
