3124 5126
673 601 679 618 ‘
787 625 959 694 -ct-

371 805 527 878 habuere
544 795 711 894 Rutheni‚
741 794 812 866 imo
831 795 1016 886 magistros
1032 793 1193 870 Graeccst
1220 821 1373 892 quorum

370 929 503 1025 plume,
526 921 665 1017 nuptias
682 917 854 992 secundas
872 916 1094 1006 damnarent,
1121 921 1242 992 tertius
1256 921 1373 996 detes.

372 1059 545 1133 torculur,
563 1052 708 1140 quartas
724 1041 787 1114 vix
800 1061 957 1134 unquam
972 1040 1205 1134 ignoscendis
1220 1046 1372 1138 proscri-

371 1171 508 1248 berent.
521 1171 638 1244 Canon
655 1175 742 1260 patr.
757 1165 929 1260 Cpclitaui
945 1163 1133 1257 Nicephori
1143 1165 1369 1262 producitur,

371 1318 442 1390 quo
460 1296 620 1387 bigamos
636 1311 709 1361 non
734 1289 909 1374 coronari,
931 1309 972 1360 ac
988 1288 1131 1360 biennio
1150 1291 1284 1384 privari
1303 1293 1371 1366 Eu-

370 1418 538 1491 charistia
550 1411 912 1508 disponebatur‚sicut
925 1411 1170 1504 quinquennio.
1183 1413 1365 1508 trigamos,

373 1537 568 1630 (indefinite
583 1557 648 1606 uec
662 1532 849 1606 nominatis
863 1532 1115 1626 quatrigamis).
1133 1534 1221 1618 Hinc
1238 1535 1375 1618 nedum.

359 1661 514 1734 easdem
530 1660 642 1730 licitas
655 1655 831 1748 judicatas
859 1657 982 1738 infero,
1004 1654 1196 1728 sedetiam
1214 1677 1276 1726 cas
1295 1657 1370 1738 sine

372 1783 541 1856 Ecclesiae
566 1784 769 1856 interventu
785 1789 992 1860 contractam
1017 1779 1230 1857 matrimonii
1257 1801 1371 1856 sacra·

375 1905 487 1976 menti
500 1903 692 1985 ministros,
711 1899 1035 1994 conpresbytero,
1055 1900 1117 1978 sed
1137 1902 1310 1973 nubentes
1324 1901 1372 1994 ip·

372 2047 430 2097 sos
455 2025 551 2119 apud
569 2023 709 2095 Graecos
730 2021 917 2094 ostendere
944 2023 1050 2116 (quod
1082 2023 1186 2094 unice
1218 2043 1288 2094 non
1305 2025 1371 2096 cb·

334 2233 337 2240 A
376 2151 533 2241 servavit
546 2149 692 2228 (icarios
709 2145 884 2218 videndus
902 2167 980 2240 cap.
994 2157 1029 2218 et
1041 2147 1132 2218 offic.
1152 2143 1190 2217 de
1204 2145 1367 2242 biqamis).

374 2272 491 2342 Primo
505 2271 598 2342 enim
610 2270 806 2342 Ncocaesar.
826 2268 995 2364 synoduS,
1007 2291 1087 2363 quae
1100 2291 1179 2340 can.
1194 2271 1269 2356 Vll,
1278 2295 1372 2364 pres-

375 2393 505 2492 byteros
518 2403 615 2466 vetat
630 2391 775 2463 convivas
789 2414 865 2464 esse
879 2391 914 2460 iu
929 2390 1054 2486 diqamr'
1065 2391 1206 2487 ruptim,
1220 2417 1258 2462 nc
1265 2417 1374 2489 prop-

380 2531 430 2588 ter
460 2517 641 2588 convicium
657 2516 831 2588 videantur
849 2515 895 2585 eis
909 2516 1096 2600 consentire,
1112 2516 1193 2588 Cau.
1212 2519 1256 2588 lll
1281 2546 1289 2588 :
1319 2519 1375 2591 his

377 2638 434 2737 qui
446 2639 566 2734 soepice
582 2637 717 2724 nubunt,
733 2664 774 2708 em
799 2638 1034 2709 conuersatione
1048 2653 1171 2734 tempus
1180 2637 1374 2735 punitentia

378 2759 789 2847 constitutum'abbrcviat;
804 2785 983 2855 nunquam
1000 2785 1082 2834 vero
1112 2785 1171 2835 eos
1191 2786 1262 2835 non
1280 2788 1374 2859 nup-

376 2894 430 2955 tos
447 2882 549 2970 dicit,
571 2905 652 2953 cum
668 2884 795 2976 quibus
813 2884 969 2955 Ecclesia
982 2907 1048 2956 nec
1070 2885 1190 2971 astitit,
1212 2905 1277 2955 nec
1294 2906 1376 2956 con·

377 3007 579 3078 sensit:eos
609 3027 694 3099 ergo
722 3007 898 3078 ministros
933 3007 1101 3099 agnoscit.
1138 3007 1272 3078 Dicitur
1311 3031 1373 3080 se-

265 3159 269 3166 ·
378 3129 512 3217 cundo,
551 3152 629 3201 can.
661 3135 695 3200 l.
726 3130 922 3202 Laodiccno
949 3159 955 3201 :
983 3146 1034 3199 ecs
1064 3129 1121 3226 qui
1153 3137 1255 3210 urum
1282 3133 1375 3226 (ecce

339 3241 341 3251 ⁴
380 3279 442 3328 cas
458 3255 582 3346 licitas)
597 3264 632 3326 et
646 3278 787 3325 urcrrruu
806 3255 862 3349 (en
881 3259 956 3328 sine
973 3255 1155 3327 sacerdote
1177 3277 1373 3328 sacramen-

384 3379 501 3449 taliter
516 3378 619 3469 ratast
637 3376 781 3447 secundis
789 3377 913 3474 nuptiis
921 3377 1030 3474 juncti
1042 3389 1133 3464 sunt,
1152 3402 1206 3448 nuc
1225 3404 1374 3452 occurrunt

379 3523 593 3586 runursuouuu
607 3501 734 3593 operati
751 3513 829 3570 suut
843 3500 936 3594 (vide
954 3501 1088 3572 licitum
1110 3521 1181 3571 non
1195 3503 1375 3574 benedicti

378 3621 447 3691 tori
467 3621 645 3713 publicum
675 3645 789 3708 usum,
820 3624 896 3695 sine
922 3633 1139 3708 sacramento
1165 3646 1375 3718 nunquama

382 3755 527 3840 peccato
549 3745 780 3840 liberandum)
803 3771 904 3842 pauco
927 3761 1066 3843 tempore
1083 3761 1240 3843 exempto,
1260 3775 1376 3822 uacare

382 3865 580 3938 orationibus
598 3881 629 3938 et
648 3867 801 3964 jejuniis,
818 3883 849 3940 et
867 3868 1038 3941 emendum
1057 3869 1184 3945 veniam
1207 3871 1301 3944 reddi
1331 3873 1376 3946 eis

383 3989 645 4063 communionem.
663 3991 767 4064 Ratae
780 4013 865 4087 ergo
882 3993 1053 4066 secundas
1066 3995 1204 4092 nuptias
1219 3995 1375 4068 Ecclesia
