3148 5132
625 520 831 572 ..xm-

706 775 784 842 V..

275 1003 335 1068 17.·
350 999 487 1066 Mesenae
505 997 582 1064 dum
604 997 786 1073 moraretur,
813 993 931 1060 frustra
951 993 1086 1059 tentavit
1109 993 1226 1060 Ribera
1364 1009 1366 1014 ·

231 1120 365 1187 abusum
378 1118 492 1184 tollere
506 1117 561 1202 qui
582 1117 617 1181 in
640 1114 866 1182 catholicorum
888 1112 1005 1198 templo
1029 1113 1221 1186 invaluerat:

231 1236 351 1303 solebat
366 1234 489 1301 scilicet
509 1233 565 1313 ibi,
589 1233 655 1298 toto
676 1228 814 1314 tempore
839 1230 956 1310 missae,
978 1229 1129 1309 solemnis,
1151 1229 1225 1297 duci

231 1357 344 1424 chorus
367 1353 516 1438 vulgares.
528 1353 701 1419 cantilenas
716 1351 965 1429 decantans3ueo
983 1329 1121 1433 unquam
1131 1349 1227 1415 indu·

230 1495 299 1544 aere
311 1473 413 1542 ualuit
426 1470 650 1550 missionarios,
656 1467 838 1554 ommonem
850 1472 968 1534 ccccm
977 1469 1175 1552 coumleutec,
1189 1469 1227 1534 ut

234 1595 415 1664 alternatim
439 1593 555 1660 saltem
568 1593 602 1657 in
613 1591 724 1658 diebus
744 1591 836 1658 festis
851 1593 973 1677 integra
986 1593 1151 1659 caueretur
1165 1610 1184 1657 a
1196 1609 1229 1658 se

235 1718 269 1782 et
282 1716 353 1781 aliis
365 1715 495 1780 eborum
509 1711 650 1778 ducturIs
672 1711 770 1776 missa
788 1711 898 1789 latina,
917 1711 1181 1796 quemadmodum
1194 1711 1229 1777 id

234 1837 331 1904 fiebat
359 1833 527 1917 Petropoli,
555 1833 648 1918 juxta
677 1833 858 1916 praescripta
893 1831 1044 1898 Ecclesiae
1071 1831 1230 1910 Romanae,

235 1958 267 2023 et
280 1955 498 2021 desiderabant
509 1952 613 2036 plures
627 1951 828 2020 catholioiex
842 1951 946 2032 Italia,
961 1951 1077 2033 Gallia,
1088 1952 1228 2028 Palania,

236 2073 400 2158 Hispania,
412 2071 530 2156 Belgio,
546 2073 605 2136 etc.
620 2072 779 2136 morantes
792 2065 939 2137 Moseuae.
959 2127 961 2138 .

278 2189 404 2255 Pranim
416 2187 508 2254 illam
522 2187 591 2252 idco
606 2186 821 2271 corrigendam
837 2190 959 2254 censuit
979 2187 1105 2268 Ribera,
1123 2213 1137 2244 ‹
1157 2187 1232 2271 quia

153 2346 155 2349 ·
236 2309 369 2396 populus
388 2307 589 2384 chilstianus,
609 2306 724 2386 aiebat,
739 2325 821 2372 unus
843 2309 901 2387 est,
915 2307 992 2373 licet
1013 2307 1099 2372 natio
1116 2306 1229 2373 multi·

234 2429 321 2512 plox;
346 2428 427 2494 unde
452 2425 552 2494 oratio
572 2426 748 2491 communio
764 2425 912 2491 Ecclesia
926 2425 1035 2523 eadem
1045 2426 1131 2508 juste
1150 2445 1229 2512 praa·

235 2547 384 2612 scribitur
398 2545 521 2612 cunctis
529 2544 661 2626 Latinis,
673 2545 733 2612 etsi
743 2545 823 2613 uerti
836 2563 904 2612 eam
914 2545 1080 2630 inlinguas
1090 2547 1228 2614 diversas

228 2664 317 2748 juste
334 2664 521 2732 concedatur
539 2663 709 2748 aliquibus,
724 2664 807 2731 sicut
819 2683 930 2749 graeeae
952 2664 1091 2750 liturgia
1111 2665 1228 2732 eaedem

234 2785 309 2850 sunt
318 2803 416 2852 versae
430 2785 464 2851 in
475 2783 666 2852 slavonicam
681 2789 713 2851 et
726 2785 804 2850 alias
818 2783 956 2870 linguas.
971 2811 985 2842 ι

274 2904 344 2972 Non
367 2905 450 2990 quod
471 2905 570 2972 ritum
581 2906 624 2975 ,in
636 2905 746 2990 lingua
756 2905 879 2990 uulgari
892 2903 1001 2990 perlici
1011 2903 1126 2970 inutile
1139 2903 1225 2972 dice·

232 3022 297 3101 ret3
321 2997 420 3088 immo
440 3022 607 3089 accedente
630 3022 777 3088 llcolesiae
802 3023 1020 3107 approbatione
1031 3022 1082 3108 (ut
1091 3022 1226 3089 laudent

231 3140 407 3209 Domr‘ocum
427 3163 534 3210 omues
555 3147 674 3228 centes,
696 3144 780 3210 sicut
803 3143 908 3210 aiebat
930 3145 1067 3211 Ioannes
1089 3143 1177 3224 VIII,
1190 3144 1225 3210 id

232 3258 403 3326 concedens
427 3260 588 3345 uorans),
614 3261 696 3327 nnn
721 3243 817 3327 sacre
838 3261 914 3328 noan
927 3261 978 3326 ver
999 3260 1148 3328 noctruae
1168 3260 1225 3328 oo-

232 3381 315 3443 stare
329 3378 496 3458 fatebatur,
508 3379 573 3445 siue
588 3380 688 3445 missa
708 3379 741 3445 in
756 3379 865 3446 eadem
880 3379 990 3462 lingua
1002 3377 1158 3447 slavonica
1172 3399 1225 3447 ca·

231 3501 366 3580 necetur,
381 3499 447 3565 siue
472 3518 596 3567 sacrum
620 3501 832 3586 Euangelium
854 3501 904 3568 uel
927 3500 1078 3568 lectiones
1111 3502 1225 3570 divina

230 3623 301 3687 novi
311 3623 342 3686 et
356 3622 471 3687 ueteris
482 3621 679 3689 Testamenti
694 3622 768 3688 benc
780 3621 950 3718 translate
966 3623 1000 3686 et
1011 3621 1229 3705 interpretatae

229 3743 417 3826 legerentur.
445 3742 511 3808 Neo
537 3743 673 3828 negabat
703 3743 876 3817 cantilenas
897 3743 1004 3827 plures
1031 3744 1232 3828 germanicas

230 3867 448 3935 devotissimas
476 3885 563 3950 esse,
588 3869 673 3935 uerbi
689 3869 793 3953 gnatia
814 3868 906 3934 illam
928 3868 1048 3938 dietam
1067 3870 1112 3938 Io
1139 3870 1229 3939 dulci
