3124 5126
649 625 836 720 ..¹22-

239 829 289 880 ors
321 803 485 878 tratidam
513 802 719 896 designans·
751 802 856 874 ritum
887 803 921 874 in
944 826 1008 874 usu
1037 805 1235 905 Latinorum

239 951 318 1000 non.
335 927 474 998 omnino
496 925 673 1010 eumdem,
703 925 792 994 siout
808 935 955 995 caeteros
971 926 1007 995 in
1024 928 1152 1020 quibus
1168 928 1239 1003 dii-

239 1052 385 1120 ferimus
410 1049 601 1142 reprobare
620 1069 689 1118 non
707 1047 879 1140 intendit3
900 1048 961 1119 sed
991 1049 1172 1142 antiquum
1199 1065 1235 1122 et

239 1169 450 1242 laudabilem
482 1169 653 1241 aGraecis
687 1179 860 1239 retentum
888 1171 1067 1264 explicuit.
1104 1173 1237 1245 Pariter

239 1297 352 1366 Latini
379 1296 576 1366 nullatenus
601 1294 807 1387 impugnare
834 1313 1017 1385 possumus
1034 1295 1236 1367 Graecorum

239 1419 360 1503 ritum,
388 1419 468 1511 quia
503 1439 626 1488 manus
652 1417 813 1501 ducatur,
840 1416 1055 1487 dissimiliter
1081 1439 1122 1488 ac
1148 1419 1238 1489 inter

240 1563 317 1626 nos,
346 1541 391 1612 ab
422 1541 566 1608 humero
588 1538 715 1610 dextro
741 1538 785 1608 ad
812 1539 1013 1609 sinistrum:
1051 1551 1121 1610 tum
1153 1542 1235 1635 qnia

239 1665 394 1756 quolibet
421 1661 524 1732 modo
550 1661 766 1746 efformatum
796 1659 883 1732 fides
905 1663 939 1732 in
971 1662 1143 1733 Christum
1164 1685 1233 1734 ex-

239 1785 420 1878 primitur;
455 1794 527 1852 tum
553 1784 633 1876 quia
664 1783 768 1853 ritum
795 1795 953 1854 nostrum
978 1784 1071 1877 apud
1088 1785 1230 1857 Graecos

245 1905 518 1995 Graecorumque
542 1903 635 1996 apud
672 1904 812 1974 Latinos
845 1906 996 1996 viguisse
1030 1906 1231 1997 qnondam,

239 2028 399 2122 pluribus
431 2026 582 2118 antiquis
616 2025 762 2095 testibus
791 2024 1041 2098 demonstravit
1065 2027 1138 2115 jam
1165 2029 1235 2097 Leo

240 2149 400 2218 Allatins.

290 2271 364 2340 Duo
391 2269 538 2363 proinde
565 2281 693 2364 puncta
717 2279 807 2339 tacta
830 2267 900 2351 hio,
925 2269 1124 2340 examinata
1155 2291 1234 2342 cum

243 2395 400 2466 ruthenis
430 2393 582 2486 praelatis
608 2413 677 2462 non
698 2394 819 2477 semel,
839 2391 1001 2462 haeresim
1028 2394 1118 2463 inter
1145 2395 1236 2487 ipsos

240 2514 355 2608 (vulgo
382 2515 692 2606 Raskolciaoram)
718 2514 935 2606 damnatam,
962 2524 1188 2586 sustentatam
1212 2538 1231 2586 a

239 2658 307 2708 nnn
329 2639 459 2730 paucis,
476 2649 617 2708 movent
637 2638 803 2729 detegere
820 2651 855 2706 et
874 2627 1100 2708 christianum
1115 2639 1237 2708 ortho-

239 2761 405 2835 doxorum
420 2762 522 2831 ritum
541 2761 643 2854 paulo
657 2760 975 2852 fusiusexplioare.

287 2885 438 2954 Primum
460 2885 508 2954 ita
536 2886 715 2977 proposui.
749 2883 946 2956 Mirandum
977 2884 1129 2968 videtur,
1162 2895 1233 2955 tam
1345 2920 1347 2923 v

237 3008 370 3091 stricte,
397 3006 433 3076 in
448 3007 689 3100 componenda
717 3027 835 3091 manu,
856 3003 974 3075 verbis
995 3009 1234 3092 confessionis

236 3131 397 3206 standum
420 3151 509 3214 esso,
524 3147 560 3202 ut
578 3152 639 3224 pro
655 3130 779 3201 haeresi
797 3129 983 3199 damnetur
1001 3131 1229 3201 contrarium.

237 3255 475 3341 Quidetenim
495 3254 652 3338 interest,
669 3253 763 3346 quod
782 3251 932 3323 Rutheni
947 3251 1048 3343 (sicut
1069 3272 1232 3324 commu-

236 3377 329 3449 niter
342 3376 468 3468 Graeci)
484 3377 601 3446 tribas
627 3378 836 3464 majttsaalia
852 3377 975 3462 dipilia
993 3373 1182 3466 productio,
1199 3384 1234 3448 et

238 3501 275 3571 in
303 3498 524 3572 extremitate
542 3518 589 3568 ex
605 3498 772 3570 interiora
798 3509 897 3591 parte
926 3497 1130 3587 cunjunctis,
1150 3497 1233 3567 reli-

236 3623 315 3720 quis
343 3623 480 3695 duobus
511 3642 633 3715 parum
669 3621 828 3706 inflexis;
868 3620 1061 3691 Rasoolnioi
1096 3641 1178 3692 vero
1206 3641 1233 3720 e

237 3759 372 3831 contra,
386 3767 458 3816 aon
481 3748 571 3815 nihil
583 3749 762 3817 elevandis
782 3748 899 3814 indice
913 3752 947 3813 et
962 3747 1087 3827 medio,
1107 3747 1233 3814 alnien-

235 3873 294 3944 dis
311 3870 532 3940 annotarim
548 3871 751 3940 auriculari
777 3868 970 3938 contractis
993 3887 1074 3935 cam
1092 3870 1232 3962 polliae,

238 3992 350 4066 crucis
382 3989 565 4062 formando
580 3990 680 4084 signo
707 4010 848 4086 manum
878 3988 1086 4084 disponant?
1103 3987 1230 4080 Cujus-
