3124 5126
808 553 973 614 ...98-

391 727 460 796 lius
491 733 658 796 renovata
685 723 786 817 praxi
813 723 1078 826 restauraverit.
1119 721 1322 796 institutum
1351 729 1388 800 in

390 847 509 918 Russia
523 869 630 916 unum
644 857 695 916 est
712 847 799 916 sicut
814 855 848 916 et
862 843 1003 915 habitus
1016 845 1117 936 niger
1134 845 1385 922 monachorum

388 973 559 1057 omnium,
576 971 643 1042 sint
670 970 752 1040 lice-t
775 969 905 1042 diversi
932 989 1048 1038 mores
1081 967 1117 1036 in
1144 974 1379 1047 monasteriis

388 1094 594 1165 Subduntur
606 1093 797 1185 justissime
814 1093 892 1162 haee
909 1091 1096 1186 episcopis,
1112 1092 1195 1184 quia
1213 1093 1284 1180 isti,
1301 1107 1384 1166 tan-

387 1229 462 1286 tum
476 1240 521 1287 ex
535 1218 587 1288 eis
600 1216 779 1310 assumpti,
795 1238 865 1286 non
881 1216 1043 1308 ignorant
1058 1235 1180 1284 eorum
1196 1219 1383 1308 proximet

385 1339 481 1430 leges
496 1365 503 1418 ;
520 1359 584 1407 neo
598 1338 641 1408 ad
660 1340 899 1432 episcopatum
917 1335 1085 1429 assumpti
1109 1351 1246 1406 cessant
1266 1359 1286 1408 a
1302 1360 1382 1410 mo-

386 1454 526 1533 nastica¹
544 1463 768 1544 abstinentia,
793 1461 917 1532 babitu
945 1471 979 1530 et
998 1459 1243 1530 observantiis.
1266 1461 1380 1532 Disci-

384 1585 478 1678 plina
497 1585 543 1654 ita
562 1587 672 1676 viget,
693 1597 730 1655 ut
748 1606 812 1654 neo
831 1583 1036 1654 imminente
1052 1592 1165 1652 morte
1190 1603 1271 1654 esus
1296 1605 1378 1682 ear-

383 1705 480 1774 nium
507 1707 553 1776 sit
584 1707 785 1800 permissos
829 1706 1020 1796 Pauperem
1050 1714 1216 1772 nontam
1250 1703 1379 1788 dicam,

382 1851 487 1922 quam
505 1832 670 1901 miserum
691 1831 882 1924 simplicem
901 1827 1125 1914 monachum,
1148 1829 1183 1897 in
1199 1850 1292 1914 esca,
1314 1829 1380 1901 ba-

366 1949 471 2037 bitu,
485 1973 622 2023 camera
637 1965 703 2024 etc.
719 1954 802 2024 Cum
815 1964 931 2021 tamen
946 1951 1074 2020 lautius
1087 1951 1208 2022 vivant
1224 1954 1376 2045 praelati,

380 2077 603 2158 monachum,
625 2077 686 2170 qui
703 2073 913 2168 quandoque
935 2073 1001 2143 sibi
1019 2074 1134 2144 minus
1151 2075 1289 2145 decenti
1318 2076 1376 2148 via

378 2200 575 2291 provideat,
593 2221 661 2270 non
680 2200 790 2269 nimio
808 2199 883 2267 zelo
897 2197 1087 2286 corrigent.

427 2323 609 2412 Reguntur
633 2323 842 2394 monasteria
867 2321 938 2390 suis
958 2321 1125 2413 praelatis,
1149 2321 1282 2412 majora
1309 2345 1372 2393 ar·

375 2445 629 2526 ohimandritis‚
652 2445 785 2516 minora
803 2442 977 2535 igumenis
997 2441 1053 2535 tid
1066 2455 1131 2529 est,
1149 2444 1299 2514 ducibus
1312 2445 1371 2516 vel

375 2568 592 2662 praepositis).
630 2568 863 2660 Complurrma
895 2589 1016 2638 eorum
1044 2579 1207 2636 numerat
1232 2567 1367 2652 Russia,

373 2689 500 2782 partim
522 2689 671 2772 urbana,
692 2691 819 2782 partim
843 2689 1011 2760 solitaria.
1040 2689 1210 2780 lllaj0rum
1241 2701 1275 2758 et
1292 2689 1371 2782 pri-

373 2831 509 2880 morum
528 2813 737 2904 catalogum,
753 2814 856 2904 juxta
873 2813 1033 2882 ordinem
1051 2833 1122 2905 quo
1137 2823 1258 2894 mutuo
1274 2833 1369 2904 prae-

314 3026 316 3030 Α
373 2933 532 3004 feruntur
556 2936 592 3004 in
611 2935 745 3029 synodo
760 2947 795 3005 et
810 2935 1164 3007 archimandritarum
1181 2934 1368 3005 conventi·

371 3054 449 3140 bus,
483 3058 599 3150 recepi
632 3079 742 3151 usque
777 3057 822 3128 ad
854 3059 913 3127 68.
957 3059 1090 3128 Horum
1125 3057 1277 3150 primum
1314 3069 1368 3130 est

369 3179 572 3265 Kioviense,
600 3181 792 3252 secundum
826 3182 987 3266 Troilum,
1022 3181 1162 3251 tertium
1195 3181 1368 3253 Vladimi·

313 3349 315 3353 -
369 3302 445 3388 riae,
459 3313 620 3395 quartum
635 3304 801 3376 Tchudov
816 3303 863 3397 (id
879 3315 944 3388 est,
964 3304 1132 3397 miraculi)
1147 3305 1311 3388 Mesenae,
1331 3316 1368 3377 et

370 3437 500 3496 oaetera
525 3448 605 3520 quae
623 3427 767 3498 taedium
790 3427 890 3498 daret
909 3429 1051 3498 referre.
1075 3429 1168 3497 lnter
1185 3449 1225 3497 ea
1243 3451 1365 3501 nnme-

369 3549 494 3633 rosius,
510 3547 615 3619 ditius
626 3559 661 3617 et
675 3550 848 3621 celebrius
864 3549 950 3620 illud
965 3561 1019 3620 est
1036 3550 1197 3634 Troitzae,
1217 3551 1285 3620 loo
1303 3573 1366 3621 nu-

369 3691 509 3741 merans
523 3671 712 3742 monachos
726 3698 734 3756 ;
755 3673 844 3743 intra
861 3673 1030 3744 ambitum
1046 3675 1091 3750 lb
1110 3673 1253 3766 templa,
1269 3694 1365 3766 quo-

369 3817 447 3866 rum
473 3797 540 3888 maj
550 3818 587 3866 us
614 3817 737 3890 parum
756 3797 850 3868 cedit
871 3794 969 3867 solor
995 3798 1177 3892 praeoipuo
1194 3798 1360 3870 Mosouae.

368 3917 518 3988 lneludit
536 3920 669 4012 pariter
689 3921 840 3993 ‘Tzarum
864 3921 1047 4015 palatium,
1068 3921 1129 3990 ubi
1149 3921 1365 4013 imperantes
