3124 5126
483 583 486 605 ¹
593 625 779 688 -121-

191 804 293 892 istinc
332 805 512 888 Schedius,
543 807 785 885 Mubumedeu
821 805 974 877 medinm
1003 803 1065 874 bos
1093 805 1186 876 inter

189 927 306 1000 iocum
336 926 502 1013 habente,
547 926 737 1020 pontificati
769 927 889 998 habitu
922 914 1108 1010 noscendo,
1138 948 1186 997 ex

190 1051 291 1122 tiarae
319 1051 486 1144 inscripto
511 1051 713 1122 venerando
746 1052 900 1137 nomine,
938 1051 1186 1144 grandioribus

192 1173 317 1246 litteris
334 1195 444 1243 :rann
472 1173 614 1245 Caeteris
637 1172 877 1267 apponebatur
903 1175 998 1244 velut
1016 1177 1183 1266 prolatus,

191 1315 275 1370 suus
303 1295 430 1386 cuique
455 1317 551 1366 error
568 1323 576 1365 :
593 1295 721 1388 quibus
756 1294 1074 1388 correspondebant
1107 1297 1188 1370 datu

195 1438 376 1510 responsa,
389 1419 487 1510 quasi
505 1441 528 1489 a
542 1420 935 1512 superstanteimagine‚
949 1418 1151 1488 damnantia
1168 1439 1188 1488 e

197 1539 1188 1634 S.seripturadecreta.Quidviiipendendopapaeexcogi·

191 1662 275 1732 tavit
293 1662 570 1754 stupiditasiNon
583 1683 700 1752 graeca
719 1663 867 1735 dicatur,
883 1663 998 1732 minus
1018 1662 1184 1747 ruthena,

194 1785 257 1856 sed
285 1806 347 1855 nec
377 1785 581 1856 nominandi
596 1786 882 1857 archimandritae
900 1785 1080 1877 eujusdam
1098 1787 1187 1856 sim·

195 1908 331 2002 plicitas
351 1933 359 1986 ;
377 1908 412 1978 in
430 1908 496 1978 hoc
515 1920 648 1978 tantum
675 1909 849 1991 miranda,
870 1908 963 2001 quod
980 1929 1049 1978 non
1068 1909 1191 1978 iraene·

195 2039 253 2102 tur
270 2051 290 2100 a
306 2030 455 2114 caeteris,
473 2051 560 2122 quos
592 2031 683 2100 male
714 2031 833 2100 tulisse
861 2032 988 2099 factum
1002 2029 1135 2100 fatebor
1153 2039 1191 2099 ut

197 2153 307 2226 testis.
327 2149 542 2223 Procedebat
556 2173 603 2221 ex
629 2151 771 2242 effigiati
801 2171 901 2242 papae
918 2170 1000 2220 ore:
1028 2151 1192 2238 Accipite

194 2277 415 2364 Spiritum&
430 2276 538 2366 (Joan.
555 2295 585 2346 c.
601 2275 676 2366 XX)
691 2301 698 2343 :
712 2295 796 2362 erpo
809 2276 966 2361 Spiritus
980 2275 1014 2341 S.
1026 2275 1190 2360 procedit

194 2421 219 2468 u
234 2401 340 2468 Filio.
361 2399 448 2468 Huic
466 2398 574 2466 veluti
594 2397 748 2466 taxando
765 2397 876 2466 errori
893 2395 1135 2487 opponebatur
1161 2415 1182 2464 a

197 2521 376 2612 Religione
390 2541 436 2588 ex
451 2519 534 2601 aito,
555 2521 672 2589 verbis
686 2519 745 2610 (ex
765 2518 904 2610 apocal.
924 2517 972 2597 ΙΙ,
994 2517 1027 2608 5)
1046 2517 1193 2588 abusive
1292 2505 1296 2518 '

193 2645 411 2736 desumptis:
440 2665 578 2712 memor
617 2651 689 2714 ecto
718 2645 813 2712 uude
854 2643 1032 2710 cecideras
1061 2647 1095 2708 et
1126 2662 1193 2736 cpe

187 2770 436 2858 penitentiam
453 2793 464 2850 ;
483 2771 541 2836 siu
554 2775 673 2837 autem
691 2770 792 2836 uenio
809 2767 874 2834 tibi
888 2771 922 2833 et
935 2764 1076 2832 movebo
1091 2783 1185 2832 cuu-

198 2895 384 2964 delubrum
404 2899 504 2961 tuum
517 2895 561 2962 de
574 2896 646 2962 loeo
657 2913 735 2962 suo.
754 2889 897 2983 (Efficax
911 2885 1016 2956 credo
1027 2887 1062 2955 in
1076 2886 1194 2955 archi·

194 3018 380 3090 mandritae
426 3017 546 3108 spiritu
592 3015 839 3108 consequentia
874 3042 880 3082 :
913 3034 997 3104 ergo
1042 3011 1192 3103 Spiritus

196 3141 231 3211 S.
249 3160 318 3210 non
354 3135 509 3231 procedit
540 3135 671 3205 aFiiic.
686 3173 735 3191 -
750 3133 986 3204 Efficaciorem
1012 3153 1055 3202 en
1084 3151 1194 3222 quam

197 3273 375 3331 meretnrt
394 3257 633 3351 ergospiritus
658 3271 710 3327 est
724 3255 1008 3326 archimimussic
1023 3254 1190 3334 inferens.
1229 3253 1232 3262 '

197 3385 258 3456 sed
278 3383 491 3464 immundus,
507 3380 632 3473 dignus
659 3381 722 3449 iile
738 3390 774 3448 ut
788 3377 833 3447 ab
860 3377 1038 3448 academia
1063 3377 1196 3467 ejectus

197 3513 363 3580 mittatur
382 3512 422 3576 iu
446 3505 587 3597 porcos)
623 3504 741 3596 (Marc.
760 3505 801 3586 V,
834 3503 906 3573 iii.
940 3501 1045 3572 Certe
1066 3501 1196 3571 taiibns

199 3633 372 3726 perlectis,
394 3631 493 3724 qnasi
511 3631 619 3699 iratus
630 3627 724 3720 qnod
739 3625 954 3698 scandalosae
968 3625 1192 3704 interfuerim

206 3756 337 3826 inscius
354 3774 470 3825 scenae
488 3753 671 3822 :invitatus
687 3751 731 3822 ad
741 3751 843 3820 aliam
857 3747 1029 3840 publicam
1041 3746 1196 3837 disputa.

197 3877 325 3946 tionem
339 3876 373 3944 in
384 3876 583 3958 crastinum,
593 3895 657 3943 nec
671 3874 721 3942 iiii
734 3875 823 3942 nitra
835 3869 947 3939 videri
961 3867 1185 3940 resciveram

201 3998 387 4091 Inquirens
432 4007 549 4085 tamen
578 3994 664 4087 quid
698 4004 817 4088 parata
847 3983 937 4062 nova
984 3991 1198 4083 exemplaria
