3148 5132
622 674 789 738 ..47-

210 841 293 914 alibi
309 841 354 913 de
377 838 554 910 exercitiis
571 839 605 909 in
622 841 739 911 schola
756 841 829 932 jam
846 841 973 913 retuli?
991 840 1200 915 lrridentem

208 963 284 1054 ejus
298 961 590 1046 materialitatem,
608 971 690 1033 natu
702 962 861 1034 Graecum
878 963 1072 1058 sapientem
1093 962 1201 1036 habui

175 1063 353 1170 'socium
376 1083 509 1156 cautius
533 1084 783 1177 honestiusque
804 1096 1031 1170 asserentem,
1049 1088 1202 1158 tacturos

207 1209 246 1281 id
263 1229 339 1280 esse
356 1207 508 1278 Graecos.
538 1207 789 1280 Decentissime
807 1221 923 1281 autem
947 1220 1085 1288 cuncta,
1116 1210 1202 1281 alibi

209 1355 267 1405 me
286 1341 473 1428 praesente,
494 1329 628 1422 peregit
645 1331 805 1402 Ruthcna
822 1332 969 1404 civilitas
990 1361 997 1404 :
1020 1353 1085 1403 nec
1101 1331 1202 1402 enim

209 1453 254 1526 ad
268 1474 390 1525 eorum
406 1451 616 1524 laudandam
636 1453 856 1547 prudentiam
882 1452 1007 1524 urbani
1030 1452 1117 1524 mihi
1133 1451 1202 1524 de-

210 1576 309 1647 fuere
345 1573 525 1665 magistri3
563 1573 624 1643 ubi
668 1573 951 1645 Archimendrita
986 1596 1075 1645 unus
1117 1574 1202 1646 satis

210 1717 289 1775 non'
310 1713 362 1773 est
377 1699 590 1794 imputandae
603 1701 738 1772 cunctis
768 1700 986 1772 immodestae
1002 1701 1198 1773 rusticitati.

231 1821 503 1918 ·Baptizandae,
533 1821 569 1891 in
589 1820 700 1892 'domo
731 1822 996 1915 praenominatae
1024 1822 1198 1894 illustriss

209 1948 405 2018 Baronissae
421 1945 466 2017 de
483 1941 668 2038 Serapeum,
679 1945 860 2016 Kalmulrae
872 1946 1129 2032 novenni,cum
1145 1967 1204 2041 pa·

210 2069 316 2155 trino,
326 2069 462 2140 Excell.
473 2069 647 2159 l).Legato
662 2068 853 2161 Hispaniae,
865 2067 1115 2142 interluidlba
1125 2091 1206 2164 pre·

210 2195 366 2286 liosaque
392 2191 511 2263 induta
529 2193 602 2262 sola
617 2192 732 2262 tunica
755 2192 861 2276 linea,
883 2191 927 2263 ad
944 2192 1059 2265 lauces
1081 2193 1201 2287 ligata,

212 2317 258 2390 ad
275 2315 381 2411 pedes
399 2335 508 2408 usque
526 2324 703 2408 protensa,
719 2314 832 2406 puella
843 2315 1051 2406 comparuit.
1064 2315 1203 2410 Aquam

210 2441 278 2513 hac
307 2427 520 2533 ingressura,
551 2436 777 2507 subtilissima
799 2437 948 2508 sindone
973 2459 1013 2510 os
1037 2449 1200 2533 opertum

210 2563 274 2635 suit
292 2562 435 2658 puteoli.
457 2558 706 2654 Complicatum
726 2560 901 2632 modicum
925 2560 1069 2634 linteum
1088 2562 1203 2632 locum

211 2685 314 2758 cessit
331 2684 541 2776 ingressurae
560 2683 686 2776 puellae
706 2682 867 2777 pedibus
879 2693 956 2778 post
972 2705 1073 2778 quos,
1086 2703 1204 2777 quan-

209 2818 282 2880 tum
300 2806 544 2902 corpusculum
570 2806 723 2876 intrabat
752 2827 893 2898 aquam,
909 2805 1094 2877 elevabant
1112 2806 1205 2878 assi-

210 2942 341 3004 stentes
359 2931 524 3000 mulieres
536 2929 702 3014 tunicam,
723 2951 743 3000 a
763 2929 954 3024 puellajam
969 2929 1068 3022 aquis
1084 2940 1205 3024 operta

210 3058 313 3151 plene
327 3053 490 3125 ablatam.
511 3053 585 3123 Hac
603 3049 744 3123 decenti
779 3039 1037 3146 praeparatione
1054 3051 1205 3147 disposi-

209 3191 284 3252 tum
319 3177 531 3272 baptismum
548 3197 696 3247 exorsus
721 3189 774 3248 est
789 3175 971 3270 parochus.
989 3174 1116 3248 Amota
1133 3177 1204 3248 sin·

97 3293 99 3298 ¹
211 3302 317 3385 done,
341 3300 446 3393 capiti
465 3299 592 3394 puellae
624 3320 764 3369 manum
794 3299 974 3393 applicuit,
1006 3299 1205 3394 proferens-

210 3449 279 3523 que
304 3427 448 3497 lormam
477 3423 569 3494 trina
597 3423 822 3494 immersione
856 3442 994 3493 sacrum
1026 3421 1206 3493 lavacrum

209 3547 359 3644 peregit.
389 3547 444 3617 Ab
469 3545 562 3617 unda
590 3544 740 3618 exiturae
771 3545 909 3639 puellae,
935 3564 1093 3638 expansa
1121 3544 1206 3615 item

209 3691 314 3766 supra
345 3668 477 3740 dolium
520 3667 696 3752 sindone,
729 3679 888 3762 paratum
924 3665 1121 3744 adhibitum
1155 3673 1208 3735 est

208 3793 395 3889 pretiosius
423 3811 552 3862 novum
578 3789 767 3873 indusium,
788 3790 927 3884 corpori
953 3787 1159 3884 aptandum,
1186 3809 1207 3859 a

214 3917 329 4012 capite
346 3913 534 4017 gradatim,
558 3911 754 3986 discedenti
781 3914 828 3984 ab
857 3933 961 4008 aqua,
988 3912 1205 3985 absumenda

214 4039 281 4113 hac
307 4039 404 4133 prius
429 4036 554 4132 pannis
582 4035 659 4108 aliis
684 4058 746 4131 per
765 4035 943 4123 foeminas,
964 4034 1031 4108 sub
1048 4035 1207 4108 sindonis
