3172 5130
788 653 978 717 -138-

364 892 365 896 ,
388 827 595 920 subscriptis
613 829 820 922 patriarchis
843 831 1030 901 Parthenio
1047 843 1082 902 et
1098 829 1236 900 caeteris
1259 829 1381 901 Orien-

387 952 527 1036 talibm,
548 963 625 1020 octo
647 953 833 1044 episcopis,
852 953 1080 1044 pluribusque
1096 951 1186 1020 illius
1205 952 1384 1025 ¹Ecclesiae

386 1072 589 1145 doctoribus
615 1083 650 1141 et
672 1073 891 1154 officialibus,
910 1094 1001 1144 anuo
1031 1074 1140 1155 tol3,
1160 1073 1210 1142 sic
1238 1076 1380 1156 invenio

387 1193 670 1267 commendatum
686 1222 693 1262 ι
715 1223 730 1260 ι(
744 1197 772 1263 Α
786 1209 1086 1286 gerrnauasorore
1102 1207 1232 1274 nostra,
1249 1196 1384 1268 Russiae

397 1319 573 1389 «Minoris
607 1318 774 1400 Ecclesia,
811 1321 910 1389 nobis
945 1319 1199 1402 transmissum,
1220 1317 1265 1387 de
1282 1340 1384 1390 com-

348 1479 350 1484 ·
394 1442 525 1510 «muni
555 1459 595 1506 ac
631 1449 802 1533 synodica
831 1453 1012 1518 sententia,
1033 1439 1267 1520 deceruimus,
1287 1461 1383 1509 man-

398 1569 625 1658 cdamusque
656 1567 711 1658 pio
738 1566 850 1636 cuivis
879 1578 913 1633 et
945 1565 1142 1635 orthodoxo
1176 1565 1382 1649 christiam,

386 1689 571 1758 Orientalis
607 1701 641 1758 el
681 1689 889 1780 Apostolicae
933 1689 1096 1772 Ecclesiae
1142 1690 1223 1772 civi,
1259 1690 1385 1758 librum

390 1813 494 1882 istum
514 1813 637 1882 sedulo
656 1813 882 1882 lectitandum
900 1814 998 1895 edse;
1017 1835 1119 1904 quem
1136 1813 1227 1896 ideo,
1248 1815 1281 1882 in
1298 1836 1384 1906 per-

390 1947 530 2028 petuam
564 1939 614 2003 rei
653 1933 758 2004 iidem
801 1937 1092 2025 securitatemque
1134 1939 1260 2006 uostris
1302 1938 1386 2008 sub-

389 2059 636 2149 scriptionibus
663 2059 928 2127 commuuimus.
959 2057 1160 2150 Clariusque
1185 2061 1384 2152 patriarcha

391 2179 646 2272 Hierosolymae
683 2176 869 2248 Nectarius
906 2181 1016 2272 (epist.
1053 2181 1258 2272 praeaddita.
1293 2202 1387 2251 auno

391 2304 525 2397 lbbblz
555 2329 569 2368 a
588 2304 652 2372 Hic
667 2303 726 2373 tibi
752 2303 945 2372 versandus
984 2303 1146 2387 libellus3
1182 2305 1387 2376 inscribitur

397 2456 412 2498 a
430 2431 633 2501 Orlbodocoo
645 2428 1051 2514 ConfessioGraecorum
1068 2431 1203 2498 sincera
1219 2431 1385 2500 nimirum

396 2565 460 2620 net
481 2570 580 2643 pura,
599 2551 727 2642 quippe
756 2558 837 2640 quae
865 2542 951 2618 nibil
978 2569 1123 2640 usquam
1154 2549 1317 2620 admissae
1339 2574 1387 2622 ex
1479 2569 1481 2575 ’

392 2674 502 2744 «aliis
554 2673 778 2764 religionibus
822 2674 983 2743 novitatis
1018 2674 1134 2743 babet.
1174 2673 1383 2766 Consiguala

393 2825 412 2860 a
434 2806 551 2865 autem
565 2793 688 2864 eadem
701 2795 799 2864 initio
809 2796 853 2864 ab
868 2795 1021 2864 Ecclesia
1031 2795 1221 2866 Russorum
1240 2823 1246 2864 :
1265 2796 1386 2868 Petrus
1423 2855 1438 2864 „

397 2945 412 2983 a
431 2917 571 3010 Mogila,
588 2916 806 2987 orthodoxus
832 2919 1051 3010 metropolita
1073 2919 1204 2988 electus
1218 2931 1220 2934 ’
1232 2930 1385 2990 creatus-

384 3069 413 3104 ,α
430 3062 499 3133 que
516 3039 726 3121 Kiovieusis,
760 3024 902 3132 gregem
934 3063 1035 3110 suum
1053 3063 1139 3132 unns
1174 3041 1402 3132 quibusdam.

399 3187 582 3234 usucraruu
625 3185 817 3234 orruronuus
846 3165 1025 3235 confusum
1055 3159 1296 3258 inlectumque
1330 3167 1389 3237 of-

398 3288 550 3358 ‹rlendit
572 3289 753 3371 Quocirca,
785 3289 1083 3382 quemadmodum
1112 3289 1240 3359 bouum
1266 3302 1388 3382 pasto-

347 3503 356 3510 ,
399 3437 415 3477 «
435 3433 508 3480 rem
524 3409 682 3492 decebat,
704 3412 896 3504 piissimum
915 3415 1055 3504 Deoque
1073 3412 1310 3502 gratissimum
1324 3412 1391 3483 sibi

396 3555 570 3626 «scopum
592 3535 781 3626 proposuit,
792 3535 958 3604 radicitus
975 3535 1195 3628 exstirpandi
1211 3558 1292 3628 quae
1306 3549 1388 3608 lunc

399 3659 500 3726 «illis
525 3659 559 3726 iu
579 3658 661 3726 locis
689 3670 795 3750 capul
829 3660 987 3756 attollere
1021 3669 1213 3750 coeperant,
1242 3681 1388 3730 uovuus

397 3813 414 3846 α
429 3807 623 3853 orrurrrcnus
638 3813 652 3848 »
679 3784 728 3874 (id
761 3796 814 3853 est
840 3783 981 3854 Lutheri
1004 3797 1039 3854 et
1053 3785 1186 3854 Caluini
1213 3785 1379 3868 haereses,

393 3885 540 3998 quorum
555 3905 753 3988 catecheses
771 3907 909 3975 noviter
924 3917 1008 3974 tuuc
1026 3907 1180 3996 vulgatae
1197 3907 1344 3976 circumi
1364 3947 1382 3959 -

394 4026 573 4111 rebantur,
612 4027 742 4098 russico
774 4028 938 4098 idiomate
967 4030 1059 4122 typis
1090 4029 1195 4108 datae,
1233 4031 1384 4122 primum
