3124 5126
722 598 901 660 -126-

330 786 402 852 ciri
421 784 526 851 anniti
542 789 624 849 tnnc
638 802 709 850 non
725 787 808 848 sant
824 781 1028 866 snffnapoti
1053 774 1097 844 ¹nt
1114 775 1313 862 qnod-nnat-

330 919 406 980 tnrn
418 907 567 980 annates·
583 915 616 974 et
628 908 831 975 acerbitatis
847 905 999 992 habaet,
1027 923 1090 969 nec
1112 903 1315 969 convenien-

331 1030 378 1094 tis
398 1029 667 1114 reprehensioni
682 1027 879 1092 latinarum
892 1025 1099 1106 formarum
1115 1027 1315 1088 et'nionnrn.

330 1150 380 1215 Et
402 1149 498 1234 qnia,
515 1147 693 1229 inquiunt,
724 1146 798 1210 haec
825 1141 1044 1226 synodaliter
1073 1141 1214 1205 decreta
1244 1156 1316 1204 non

331 1251 429 1346 snat
453 1285 515 1332 nec
534 1267 607 1348 ipsi
636 1263 758 1328 Latini
778 1267 817 1326 nt
838 1259 997 1325 haeretici
1034 1258 1168 1340 publici
1196 1257 1319 1341 rejecti

331 1390 481 1474 fuerint,
510 1389 572 1453 secl
600 1390 632 1450 et
654 1385 762 1449 simul
788 1380 971 1447 nobiscnm
1000 1379 1115 1446 cibam
1149 1380 1319 1462 (sacram)

332 1515 475 1578 sumant
497 1515 529 1575 et
543 1512 776 1592 precantum»
799 1506 841 1587 (l)

384 1635 671 1724 Latinosqnoque
701 1630 734 1697 in
754 1629 953 1698 Graecorum
980 1647 1077 1696 sacra
1114 1626 1212 1718 praxi
1250 1648 1318 1696 non

334 1759 449 1846 vitari,
471 1767 613 1826 testatur
630 1767 823 1823 vestrorum
844 1753 968 1820 rituum
981 1749 1172 1818 elucidator
1190 1751 1244 1819 Fr.
1265 1751 1319 1819 Ja-

333 1882 440 1953 cobus
453 1881 553 1959 Goar,
568 1875 613 1971 (Ξ)
642 1897 800 1961 asserens
819 1895 883 1942 non
916 1883 1045 1941 tanturn
1063 1872 1156 1963 qnod
1176 1871 1316 1957 viderit,

334 2006 394 2076 sed
404 2003 497 2096 quod
507 2014 542 2070 et
556 2000 674 2069 fecerit
690 2025 697 2066 :
712 1993 877 2060 manibus
891 1992 978 2066 suis,
1003 1991 1042 2054 in
1057 1992 1216 2056 omniurn
1223 2009 1320 2074 pra-

334 2125 449 2191 sentia
472 2121 594 2206 palam
622 2122 655 2181 et
681 2116 720 2178 in
750 2109 918 2177 Ecclesiae
945 2111 1141 2188 conspecta,
1159 2107 1320 2173 diaconis

334 2241 462 2325 praecis
488 2257 630 2303 sacrorn
652 2233 822 2319 synaxim
842 2227 908 2294 snb
926 2227 1033 2290 unica
1060 2227 1175 2308 specie
1199 2243 1321 2310 porre-

334 2357 450 2433 aisse,·
468 2357 560 2439 quod
578 2355 639 2420 nbi
650 2350 824 2418 intellexit
838 2348 983 2412 illoram
998 2344 1193 2426 episcopas,
1207 2345 1320 2411 nnlla-

335 2475 703 2558 tennsvimprobaoit...

385 2598 415 2666 Α
438 2598 562 2668 vestris
584 2597 685 2666 etiam
704 2596 902 2678 addiscetis,
928 2599 1101 2689 quomodo
1121 2599 1321 2671 tractandus

336 2723 380 2794 sit
393 2723 566 2792 Romanus
583 2723 775 2814 episcopus.
798 2725 869 2792 Nec
885 2735 1043 2810 caeteros,
1065 2737 1192 2817 praeter
1207 2726 1321 2796 archi-

328 2821 545 2914 mandritam
573 2843 756 2934 theologiae
787 2846 1029 2937 professorem,
1048 2818 1122 2916 haec
1161 2848 1322 2938 ignorare

337 2966 471 3052 dicam;
493 2989 583 3052 cnm,
599 2989 655 3037 me
674 2969 886 3064 celebrante,
903 2980 937 3040 et
961 2969 1054 3040 domi
1082 2981 1116 3040 et
1141 2973 1173 3038 in
1192 2971 1321 3041 celebri

336 3092 548 3162 monasterio
565 3092 708 3162 Troitzae
728 3092 797 3184 (SS.
816 3093 1004 3186 Trinitatis)
1027 3095 1177 3163 astitisse
1203 3093 1317 3164 archi-

336 3214 526 3287 mandritas
555 3226 589 3284 et
607 3216 794 3286 monachos
811 3236 879 3286 non
898 3218 1006 3286 semel
1026 3216 1172 3287 viderim
1194 3244 1201 3301 ;
1225 3217 1316 3288 unde

338 3349 463 3423 motus,
482 3339 517 3407 in
547 3350 677 3410 vestrae
691 3340 855 3410 Ecclesia
872 3339 1108 3411 defensionem
1144 3339 1314 3411 insudabo

306 3477 308 3480 ·
337 3475 504 3553 quantum
529 3462 656 3554 possim
689 3473 724 3531 et
754 3463 900 3532 valeam.
927 3463 1044 3533 Talem
1079 3473 1194 3532 tamen
1223 3463 1322 3532 nobis

339 3583 476 3673 publice
489 3585 673 3677 irrogatam
688 3584 860 3676 injuriam,
871 3587 936 3657 etsi
953 3585 998 3657 ab
1013 3607 1094 3672 uno,
1104 3585 1320 3658 caeterisnon

373 3797 410 3879 (ll
431 3777 535 3856 ln'lur.
547 3799 732 3858 Graeco-Rom.
745 3801 796 3858 lib.
807 3803 833 3860 1.
854 3819 980 3876 respons.
994 3802 1024 3870 2,
1040 3803 1075 3858 ed
1087 3801 1144 3856 ult.'
1153 3801 1319 3876 interrogat.

399 3942 405 3956 .
419 3899 487 3960 322.
961 3945 964 3952 .

339 3913 411 4072 Ραίέ)
421 4000 502 4076 Apud
512 4003 656 4076 Matium,
669 4007 710 4062 De
722 4008 855 4066 consens.
869 4008 945 4066 Eoel.
961 4025 1026 4082 pag.
1044 4008 1127 4067 1660.
