3172 5130
586 612 774 689 ..1654-

177 799 389 889 dragesimre
406 795 545 880 diebus,
565 797 598 867 in
618 797 694 888 ejus
721 794 890 880 sabbatis,
903 793 1064 886 ieiunare
1078 817 1171 890 prae·

179 938 246 994 terv
263 923 428 1011 Ecclesiae
448 920 611 993 traditam
639 920 946 1005 consuetudinem,
966 931 1099 992 sanctae
1115 942 1174 1018 sy·

180 1046 272 1118 nodo
289 1045 403 1116 uisum
421 1057 485 1129 est,
507 1047 597 1116 utin
616 1033 849 1118 Romanorum
872 1043 1026 1116 Ecclesia
1060 1065 1175 1118 canon

180 1169 383 1240 inconcusse
400 1165 570 1253 obtineat,
602 1169 663 1262 qui
677 1169 763 1240 dicit
782 1195 790 1238 :
806 1171 840 1238 si
855 1171 935 1256 quis
946 1170 1096 1238 clericus
1114 1147 1176 1238 inss

181 1301 306 1364 uentus
331 1293 444 1378 suerri
458 1295 498 1360 in
509 1299 632 1363 sancto
663 1295 839 1363 dominico
856 1295 911 1362 uel
927 1292 1174 1382 sabbatojeju-

182 1439 289 1498 nuos,
301 1422 441 1502 prater
452 1437 566 1491 unum
580 1423 614 1485 et
629 1417 758 1498 solum,
773 1392 997 1503 deponatur,
1008 1419 1041 1486 si
1053 1423 1173 1486 autem

184 1543 309 1621 laicus,
326 1544 555 1628 seyrcyetur:
581 1535 741 1607 alludens
759 1535 804 1608 ad
821 1558 898 1607 can.
919 1537 965 1608 65
988 1549 1115 1641 apost,
1132 1537 1178 1610 de

184 1675 254 1754 quo
267 1683 373 1755 supra
390 1657 490 1731 satis,
502 1659 707 1732 -tluttun
725 1680 771 1730 ex
789 1660 920 1731 Latinis
938 1661 995 1732 vel
1011 1661 1179 1736 Romanae

185 1781 289 1854 Sedis
304 1783 458 1874 legatum
469 1792 680 1876 praesentem
691 1781 863 1866 inTrullo,
873 1783 960 1854 sicut
970 1785 1005 1854 in
1016 1786 1181 1858 aliiscon·

187 1905 290 1990 ciliis,
310 1906 430 1990 luisse,
459 1905 531 1995 jam
549 1904 727 1990 diximus;
746 1904 828 1974 licet
842 1919 918 1998 post
931 1906 1180 2000 imperatorem

188 2027 418 2099 lustinianum
429 2026 564 2120 legatur
580 2025 794 2120 subscriptus
806 2053 813 2096 :
825 2028 1076 2100 Sanctissimae
1079 2053 1181 2122 popa

189 2154 384 2228 Romanus.
411 2149 537 2233 Quem,
574 2148 709 2218 scilicet
735 2150 897 2242 Sergium
932 2153 943 2218 l
970 2151 1062 2244 (licet.
1092 2155 1181 2225 alius

189 2285 272 2342 tunc
297 2293 361 2366 pro
387 2271 514 2366 Sergio
549 2276 581 2342 t.
613 2270 909 2366 Constantinopoli
936 2266 1183 2366 apocrisiarius

190 2395 466 2488 subscripsisset,
482 2395 589 2464 sicuti
609 2395 715 2464 refert
732 2397 892 2489 Platina),
913 2397 1106 2469 Iustiniana
1118 2421 1181 2496 sy·
1254 2459 1256 2462 .

191 2516 323 2588 nodum
341 2514 577 2588 roborandam
607 2515 819 2588 desideranti
836 2518 958 2590 sedulo
976 2521 1189 2598 reluctatum

193 2641 313 2728 luisse,
332 2637 377 2712 ab
399 2642 536 2736 istoque
559 2639 641 2726 ideo
659 2641 695 2711 in
722 2644 869 2714 exilium
900 2645 1057 2733 missurn,
1084 2659 1183 2720 retn-
1236 2690 1239 2698 ·

183 2749 294 2834 vlimus
310 2772 345 2833 et
362 2784 426 2834 nos
443 2784 550 2858 supra
572 2761 631 2859 (t).
662 2765 734 2836 Nec
751 2765 967 2846 credendum
985 2781 1037 2840 est
1060 2770 1183 2845 Graeco

191 2885 401 2973 Balsamoni,
417 2887 447 2958 si
462 2887 569 2960 aliurn
579 2888 673 2960 dicat
689 2886 844 2982 legatum
857 2891 1057 2966 Cretensem
1071 2897 1182 2969 arohi-

193 3008 408 3104 episoopum,
428 3011 500 3096 vel,
521 3023 558 3083 ut
575 3012 635 3082 alii
652 3014 853 3106 voluerunt,
876 3018 1031 3112 archiep.
1049 3021 1184 3096 Raven-

194 3139 311 3200 natem
329 3157 338 3202 :
353 3133 433 3224 quia
447 3135 663 3205 contrarium
676 3134 926 3209 demonstrarit
939 3141 1028 3213 alius
1041 3143 1185 3220 Graecut

194 3255 377 3328 Bessarion
395 3255 456 3354 (2),
485 3267 520 3328 et
536 3279 583 3328 ex
605 3259 665 3330 illo
697 3261 864 3334 Beronius
882 3263 944 3357 {3):
961 3265 1032 3336 imo
1044 3258 1197 3342 contra·'

193 3379 368 3451 dicentem
381 3381 542 3476 Sergium
560 3385 574 3452 l
589 3394 650 3469 ,ut
665 3385 873 3477 supradixi,
889 3387 976 3459 iram
996 3391 1183 3465 Iustiniani

194 3501 381 3575 incurrisse
410 3513 559 3576 testatur
590 3525 732 3576 coaevus
762 3509 911 3602 scriptor
947 3511 1040 3584 Beda
1061 3511 1129 3608 (ll,
1148 3525 1184 3588 et
1228 3532 1232 3538 ·

229 3744 267 3816 (ll
282 3745 362 3800 Circe
378 3750 478 3818 quaest.
492 3746 541 3814 84,
552 3748 606 3822 μ.
618 3749 783 3814 Quinisexta
796 3770 859 3825 syn.
868 3771 897 3809 n.
914 3753 943 3812 2.

228 3830 267 3900 (2)
280 3832 334 3904 Ep.
344 3835 373 3900 4,
385 3835 420 3890 ad
429 3835 695 3910 philanthropinum
710 3841 847 3912 (Alexium
861 3841 1015 3918 Luscorin).

232 3918 273 3994 (3)
291 3919 335 3975 Ad
345 3937 393 3977 an.
412 3920 479 3978 692.

235 4010 269 4079 (t
293 4009 397 4065 Lib.de
409 4028 459 4065 sex
476 4013 552 4066 aetst.
562 4011 590 4066 in
604 4012 763 4069 Justiniano
774 4015 845 4071 min.
