3172 5130
591 617 774 681 -163-

259 819 409 892 Puderet
440 821 589 893 diversis
615 820 754 892 motivis
776 822 935 892 assentiri
954 824 1034 915 quae
1057 825 1201 917 Margu-

210 944 289 1015 uius
317 943 459 1014 Graecus
486 963 632 1014 erronee
659 941 777 1028 finnit;
800 944 861 1036 qui
887 947 999 1038 primo
1022 947 1135 1017 dicit:
1158 968 1201 1018 ue

211 1065 443 1137 conveniatur
456 1087 536 1136 cum
551 1065 777 1137 Colluthiauis
795 1078 829 1135 et
846 1064 1129 1160 apollinarianis.
1148 1071 1201 1160 je-

208 1189 415 1280 junantibus
432 1187 578 1260 sabbato
595 1189 630 1258 in
652 1187 856 1280 suffragium
885 1189 1106 1262 decessorum
1128 1195 1203 1264 ira-

213 1327 319 1398 trum,
334 1315 421 1410 quia
434 1323 556 1408 putant
577 1313 626 1382 sic
642 1313 821 1406 liberaris
841 1313 968 1405 pronis,
990 1325 1025 1384 ut
1040 1337 1207 1387 vocamus

212 1436 338 1517 Latini,
358 1414 572 1530 purgatoriis
594 1435 652 1527 qui
665 1435 800 1525 Jejuuio
815 1433 951 1504 sabbati
974 1435 1111 1507 iliorum
1128 1437 1206 1507 hae-

213 1561 317 1630 resim
328 1557 627 1631 renovaverimus.

263 1705 387 1775 Contra
402 1727 482 1797 quae
492 1705 639 1774 sufficiat
657 1715 791 1780 notare.
807 1703 1004 1774 Coiiuthom
1021 1716 1055 1774 et
1071 1706 1200 1799 Apolli·

213 1849 332 1898 narem
347 1829 476 1898 vixisse
495 1827 626 1898 saecuio
639 1841 784 1918 quarto;
806 1827 898 1898 uude
924 1827 1108 1899 haereticos
1128 1841 1204 1923 post

169 2039 172 2046 Ι
215 1951 280 2022 tria
300 1951 433 2022 futuros
446 1951 572 2020 saecuta
591 1970 658 2020 non
678 1949 832 2020 creditur
853 1952 1003 2022 movisse
1023 1953 1207 2045 Apostolos

216 2093 407 2166 corumque
425 2093 566 2144 coaevos
582 2072 627 2142 ad
646 2073 757 2164 legem
775 2071 820 2142 de
838 2093 904 2143 non
920 2073 1112 2163 jejunando
1126 2079 1207 2148 sab-

216 2197 309 2268 hato.

199 2374 202 2380 ·
267 2349 337 2419 Nec
369 2347 483 2416 miuus
505 2343 643 2414 indocte
665 2343 831 2435 scriptum
872 2345 983 2434 putari
1012 2346 1118 2417 dehet
1150 2371 1208 2420 se-

219 2469 369 2540 cundum
397 2467 561 2537 motivum
580 2466 673 2560 quod
700 2465 903 2556 Margunius
928 2465 1020 2535 idem
1038 2468 1134 2538 addit
1150 2470 1208 2541 di-

218 2613 325 2661 ceus:
347 2613 386 2659 eu
402 2593 461 2659 die
476 2593 639 2658 surremit
658 2591 828 2668 Christus,
846 2610 927 2658 sero
953 2593 1138 2684 nimirum,
1156 2597 1208 2663 di-

219 2722 315 2784 cente
337 2717 592 2802 annpelisto:
615 2733 760 2801 vespere
780 2713 1055 2784 sabbatorum...
1076 2715 1208 2788 Certis-

220 2840 321 2923 sime,
349 2839 377 2908 si
403 2837 479 2906 aliis
506 2834 659 2906 sabbatis
680 2833 725 2906 ob
751 2834 877 2906 Christi
905 2838 1205 2912 Resurrectionem

221 2982 292 3032 nou
328 2961 530 3054 jejunarent
558 2959 791 3052 (Orientales),
825 2958 1013 3052 improprie
1041 2961 1210 3058 ipsoque

222 3085 417 3156 surrexerit
436 3081 664 3153 abstinerent.
685 3082 797 3166 Quam
815 3083 906 3152 bene
928 3093 1043 3152 autem
1061 3085 1210 3158 Rutheni

222 3231 300 3280 cum
326 3208 458 3278 Graccis
484 3207 576 3277 circa
608 3205 673 3275 hoc
698 3207 864 3289 sentiunt,
895 3207 1091 3276 manifestat
1125 3211 1213 3285 ritus

223 3332 406 3402 moestitiae
419 3341 454 3400 et
469 3331 579 3400 luctus
598 3328 789 3400 continuati
805 3348 867 3420 per
879 3339 988 3397 totum
1006 3330 1209 3419 sabbatum

223 3455 321 3546 cujus
339 3466 414 3548 post
433 3453 582 3524 mediam
602 3465 737 3522 noctem
765 3471 877 3521 sacrae
894 3455 1116 3523 caeremoniae
1142 3457 1213 3528 Re-

224 3578 448 3648 surreotionis
476 3576 666 3646 Dominicae
691 3572 935 3670 persolvendae
953 3575 996 3645 ad
1029 3577 1214 3650 Ecclesiam

226 3711 456 3784 concurrunt,
489 3711 594 3791 atque
625 3719 703 3768 eam
730 3697 984 3768 solemnissime
1014 3701 1210 3793 complent;

225 3844 330 3917 quam
352 3822 477 3907 Latini,
496 3819 641 3892 sabbato
656 3823 743 3915 ipso,
761 3831 897 3892 noctem
921 3835 1125 3914 sequentem
1143 3845 1215 3896 me-

225 3959 414 4033 morantes,
431 3946 663 4040 praeveniuut.
