3148 5132
797 686 840 708 u
860 669 907 724 χχ
930 691 968 708 ..-

373 843 535 931 defensori
547 845 628 933 fidei·
645 851 701 916 etc.
728 850 820 932 offert
832 827 878 916 as
892 850 932 922 P.
943 849 1003 917 le.
1018 849 1119 918 Bora.
1137 843 1259 918 Hibero
1277 851 1361 919 Bar·

371 972 588 1054 abinonensrb,
599 993 638 1039 ea
651 972 730 1040 Oret.
739 973 848 1041 Praed.
864 973 894 1041 S.
907 947 1032 1060 Tbetoq.
1056 975 1183 1042 Dootor.
1197 980 1227 1042 et
1241 975 1365 1060 Reqius

371 1092 1133 1178 profess,Missionar.Apostot.apodeumdem
1145 1092 1363 1177 D.Lepatnm

372 1213 432 1280 eto.
445 1212 569 1299 (in-4⁰).
586 1213 684 1281 »ursi
698 1215 804 1282 autem
818 1211 1081 1286 Nommetotura
1096 1213 1159 1282 ist-a
1172 1213 1365 1298 Boeneopa'ou

370 1332 454 1418 typis
478 1333 735 1402 mandatotuerit
759 1330 1064 1418 Petropoli,jubente
1084 1332 1215 1418 praeside
1238 1332 1360 1400 Acade«

371 1454 454 1535 mine,
470 1453 642 1522 Laurentio
651 1453 877 1533 Blumentrost,
892 1450 1089 1536 pretiumque
1103 1455 1263 1518 scutorum
1283 1472 1361 1538 qua·

370 1573 517 1660 draginta
533 1595 588 1662 pro
598 1577 657 1644 100
676 1575 902 1661 exemplaribus
911 1574 1064 1661 aooeperit
1077 1575 1191 1642 Daniel
1210 1577 1358 1644 Sohuma·

369 1702 753 1782 eberbibliotheoarius,in
762 1702 875 1786 vulgus
887 1701 993 1768 tamen
1006 1720 1165 1786 uunquam
1174 1703 1220 1770 ibi
1230 1703 1355 1789 prodiit

369 1825 424 1890 sed
436 1826 542 1892 omnia
555 1812 744 1910 'exemplaria
755 1824 881 1890 fuerunt
895 1841 913 1888 a
927 1823 1078 1907 gubernio
1092 1823 1227 1907 detenta,
1239 1825 1359 1894 duobus

367 1943 587 2010 tantummodo
615 1943 759 2028 exeeptis,
787 1961 855 2026 quae
883 1940 1075 2008 clandestine
1100 1941 1277 2008 obtinuerat
1298 1940 1359 2008 sibi

366 2063 482 2130 Bibere
501 2083 520 2130 a
533 2065 733 2150 typographo.
748 2063 869 2145 Quibus
884 2061 1033 2146 inspeetis
1044 2061 1124 2148 legit
1138 2065 1266 2150 stupens
1278 2082 1354 2130 eon-

365 2183 487 2250 uionem
510 2182 695 2268 impressam
717 2201 785 2248 esse
812 2200 872 2248 non
887 2180 1055 2264 Petropoli,
1075 2201 1132 2249 uec
1150 2183 1232 2268 typis
1247 2183 1358 2250 arade-

365 2304 449 2386 miae,
464 2302 520 2369 sed
530 2302 654 2380 Romae,
681 2323 753 2370 euna
772 2303 938 2388 permissu
960 2303 1176 2388 superiorum,
1195 2307 1283 2389 apud
1295 2307 1367 2372 bre·
1418 2372 1423 2381 ,

364 2423 458 2492 redes
471 2421 649 2489 Franeisoi
662 2422 841 2488 Mortroeut.
869 2421 1110 2489 substitutionis
1134 2425 1229 2510 hujus
1249 2429 1357 2492 auetor
1425 2463 1427 2466 v

232 2621 235 2627 λ
363 2545 462 2614 fuisse
487 2546 603 2612 dieitur
632 2545 799 2628 Mullorus,
824 2546 903 2612 olim
932 2544 1052 2612 eeleber
1075 2547 1354 2634 historiographus,

365 2667 441 2732 tune
454 2666 561 2730 autem
572 2663 610 2729 in
619 2664 788 2730 Academia
801 2664 1004 2746 studens‚oui
1020 2665 1166 2732 editionis
1191 2686 1264 2734 eura
1284 2668 1354 2734 fue·

363 2786 413 2852 rat
427 2783 602 2851 commissa.
618 2782 680 2848 Hie
694 2800 804 2864 nempe
818 2781 1013 2870 ubiperlegit
1027 2784 1210 2866 orationem,
1223 2806 1355 2871 eamque

362 2903 506 2990 precibus
518 2922 571 2990 pro
592 2901 707 2969 Jaoobo
727 2901 776 2968 III
790 2900 925 2967 Stuardo
941 2901 1109 2969 fundendis
1121 2906 1248 2972 suetam
1256 2925 1292 2974 ae
1307 2906 1356 2972 ei·

362 3025 434 3092 dem
445 3023 578 3110 principi
590 3022 726 3088 dicatam
740 3039 808 3086 esse
828 3021 995 3104 intellexit,
1011 3023 1135 3090 omniuo
1158 3026 1356 3110 supprimen-

360 3147 436 3213 dum
458 3164 525 3212 esse
546 3144 668 3210 oensuit
683 3161 789 3208 verum
803 3142 1017 3226 impressionis
1041 3143 1156 3216 locum,
1175 3147 1226 3210 eui
1254 3147 1358 3212 alium

361 3265 472 3333 fiotum
489 3263 665 3342 substituit,
687 3261 847 3346 propriore
860 3262 961 3330 marte
976 3280 1015 3327 au
1028 3262 1161 3330 aliorum
1172 3264 1282 3349 jussu;
1297 3267 1356 3334 hoo
1465 3269 1467 3274 '

360 3384 468 3450 autom
482 3400 514 3448 se
539 3381 649 3446 fecisse
670 3378 803 3460 dicebat,
819 3382 856 3445 ut
879 3382 1128 3463 praeconarentur
1153 3381 1355 3464 querimoniae

278 3551 286 3583 ,
358 3502 542 3588 Anglorum,
552 3501 682 3586 paeique
691 3501 773 3567 inter
784 3503 949 3585 utramque
960 3500 1118 3567 nationem
1129 3501 1352 3568 oonsuleretnr.

251 3714 254 3721 ¹
356 3627 403 3693 Re
427 3625 600 3706 iutelleote,
615 3625 728 3690 statuit
752 3624 939 3711 gubernium
969 3623 1140 3690 detinenda
1157 3643 1224 3692 esse
1249 3629 1353 3694 omnia

357 3746 545 3831 exemplaria
558 3763 597 3812 ne
618 3745 652 3810 in
667 3744 780 3828 vulgus
799 3745 928 3810 exirent.
943 3745 1012 3810 Hoe
1029 3747 1135 3812 tamen
1146 3745 1352 3816 interdictum

358 3865 487 3932 minime
501 3864 673 3952 impedivit,
688 3862 859 3951 quominus
880 3881 947 3930 rem
970 3865 1070 3930 totam
1084 3863 1228 3946 redderet
1244 3867 1350 3950 publi·

358 4006 428 4056 eam
449 3986 573 4070 Ribera,
596 3984 827 4070 orationemque
854 4001 945 4049 suam
964 3983 1077 4050 iterato
1095 3982 1245 4052 edendam
1259 4006 1348 4056 eura·
