3124 5126
771 633 958 696 -100-

367 812 584 910 frequentius
602 791 714 895 sclas;
741 827 810 878 non
831 826 911 877 raro
930 827 951 876 a
971 803 1200 878 saecularibus
1222 799 1364 871 leminis

368 939 430 1006 vix
450 930 724 1026 distinguendas.
748 928 970 1001 Collectiores
983 925 1188 1021 prudentius
1202 921 1363 994 videmus

368 1067 506 1128 nostras
524 1085 530 1126 :
553 1052 779 1148 periculosior
792 1049 964 1145 siquidem
979 1060 1031 1120 est
1044 1050 1079 1118 in
1095 1048 1213 1117 nativa
1227 1043 1364 1137 fragili-

370 1191 443 1250 tate
460 1180 618 1250 libertas,

715 1377 1025 1394 W

723 1599 863 1664 CAPUT
884 1598 1008 1664 XXIV.

787 1796 938 1867 Errores.

421 2040 492 2109 Nec
521 2059 591 2106 non
625 2036 852 2131 lacrymabile
882 2036 995 2106 dicam
1026 2036 1146 2126 igilur,
1194 2037 1315 2109 videre
1348 2059 1369 2109 a

373 2163 541 2235 catholica
592 2163 721 2232 unitate
763 2161 901 2232 deviam
951 2160 1183 2231 extensissimi
1228 2163 1370 2256 imperii

378 2284 589 2368 Ecclesiam,
616 2283 812 2353 hierarchia
841 2282 1059 2374 perfectam,
1097 2281 1222 2352 ritihus
1253 2282 1367 2374 piam,

350 2409 608 2478 ‘Sacramentis
652 2407 865 2497 religiosam,
914 2404 1130 2498 paucissimis
1167 2405 1369 2488 erroribus,

376 2531 437 2603 sed
452 2531 634 2623 gravibus,
657 2532 746 2600 ultra
764 2530 912 2601 schisma
929 2529 1214 2616 contaminatam,
1239 2531 1371 2601 Luthe-

375 2656 468 2725 ranis
488 2656 563 2747 plus
580 2656 791 2748 expositam,
816 2676 918 2746 quam
937 2653 1107 2724 catholico
1125 2655 1199 2724 zelo
1224 2654 1372 2747 perqui-

375 2782 491 2864 sitam,
524 2781 596 2848 sola
620 2780 679 2849 Dei
698 2779 911 2872 providentia
929 2778 1151 2849 medendam.
1174 2781 1321 2850 llessem
1338 2779 1373 2848 in

378 2925 420 2974 ea
438 2925 513 2974 esse
526 2903 670 2973 multam
688 2901 775 2986 vidi,
792 2903 969 2995 operarios
988 2915 1105 2972 autem
1121 2923 1249 2993 paucos
1266 2903 1369 2974 sensi.

385 3024 494 3094 Nemo
514 3045 590 3094 eam
608 3024 801 3093 Ecclesiam
825 3035 998 3095 errantem
1023 3027 1056 3093 in
1077 3036 1125 3094 tot
1140 3023 1272 3107 credat,
1292 3033 1376 3116 quot

379 3147 575 3234 lutheranae
592 3169 719 3241 pennae
746 3169 825 3218 eam
844 3159 1019 3218 accusant.
1042 3149 1079 3216 ln
1104 3147 1232 3241 quihus
1250 3148 1377 3239 injuste

381 3275 567 3359 laceratur,
594 3298 672 3346 eam
695 3275 860 3363 delendi;
889 3276 1068 3368 inquibus
1091 3285 1199 3358 errat,
1219 3295 1295 3343 eam
1315 3265 1378 3366 pro

312 3453 318 3464 .
382 3421 460 3472 meo
488 3401 639 3470 correxi.
669 3402 740 3470 Nec
767 3401 873 3492 igitur
902 3399 1046 3470 historia
1074 3398 1229 3469 delectus
1249 3407 1375 3482 taceat,

381 3521 481 3611 cujus
500 3522 604 3592 falsas
621 3521 857 3593 detractiones
876 3506 1077 3592 vindicavit⁴

432 3644 589 3726 Quatuor
617 3645 832 3736 dogmaticos
852 3667 990 3716 errores
1014 3667 1141 3736 graves
1165 3647 1192 3714 si
1212 3642 1378 3714 ernenda-

387 3789 475 3852 rem,
495 3769 685 3839 Ecclesiam
700 3767 895 3838 Ruthenam
917 3770 1104 3863 perlectam
1120 3770 1354 3862 relinquerem
1370 3795 1379 3865 j,

386 3889 526 3960 credam
548 3891 630 3973 imo,
658 3912 727 3962 uno
744 3889 905 3963 submoto
928 3894 1119 3986 praecipuo,
1144 3901 1291 3962 caeteros
1310 3890 1384 3960 rui-

385 4026 480 4084 turos
495 4011 674 4108 profecto.‘
