3148 5132
631 641 798 704 ...15-

186 899 188 904 1
214 810 331 876 erecta
348 803 500 874 oratoria
516 806 668 899 publica,
693 803 930 902 domuumque
944 808 1080 903 privata
1093 807 1203 880 innu-

211 947 322 999 mera.
343 926 416 998 Sub
434 931 711 1024 metropolitanis
735 931 812 1003 aliis
829 941 1011 1003 numerata
1027 930 1204 1025 quondam

212 1049 331 1144 recepi
342 1049 446 1119 etiam
456 1051 600 1145 templa.
614 1051 686 1126 Sub
696 1053 875 1126 Kioviensi
888 1053 1201 1126 numerusdeerat:

211 1173 307 1246 unde
333 1174 494 1266 conjicio,
523 1175 613 1246 hanc
635 1199 813 1274 nunquam
831 1177 935 1273 plene
952 1177 1203 1273 patriarchatui

207 1297 316 1372 ruisse
333 1295 540 1387 subjectam.
562 1298 635 1370 Sub

284 1525 532 1597 Novogorcdiunsi.
545 1526 614 1596 993,
778 1529 966 1586 Smolenscen.
984 1529 1047 1586 129.

284 1603 428 1658 Kazanen.
441 1601 508 1658 298.
780 1606 939 1660 Krutitzen.
953 1605 1020 1660 525.

284 1678 436 1734 Autrakan.
455 1676 500 1732 18.
757 1681 947 1756 ,Nicagorou
963 1680 1030 1736 378.

288 1753 424 1808 Siberien.
441 1751 504 1807 108.
782 1757 935 1812 Riazanen.
951 1755 1017 1812 955.

283 1829 444 1884 Rostovien.
461 1827 530 1888 455.
775 1830 970 1901 Belogradien.
986 1829 1055 1886 532.

288 1904 432 1960 Pscovien.
454 1904 521 1960 129.
780 1906 963 1964 Sasdulionai.
975 1905 1042 1964 402.

491 1989 662 2065 [Universim
682 1991 817 2066 ccclesiae]
837 1991 913 2047 4922

258 2184 332 2256 Nec
358 2194 473 2258 tamen
503 2185 637 2258 servari
670 2185 785 2257 dicam
816 2186 920 2259 hodie
950 2185 1202 2282 praedictorum

210 2310 421 2405 templorum
455 2330 638 2380 numerum
672 2336 680 2379 :
713 2309 779 2380 etsi
811 2309 962 2404 templis,
993 2306 1202 2401 quibusdam

211 2431 411 2518 destructis
438 2430 647 2524 quibusdam
666 2431 779 2516 novis,
800 2431 967 2503 refertum
998 2429 1203 2500 honestetur

164 2658 167 2664 ¹
209 2559 471 2634 Moscoviticum
494 2558 692 2652 imperium.
737 2557 909 2630 Caeterum
940 2556 1203 2651 episcopatuum

211 2681 377 2752 ecclesias
400 2689 599 2751 numeratas
616 2700 685 2750 non
703 2678 829 2765 habui3
857 2681 949 2752 malo
966 2679 1202 2774 ignorantiam

212 2789 326 2877 fateri,
351 2810 456 2883 quam
483 2789 617 2874 fallere,
645 2789 734 2860 sicut
751 2811 818 2860 non
847 2789 961 2882 pauci.

261 2901 443 2973 Secundus
459 2900 590 2993 gradus
607 2911 660 2972 est
676 2901 1030 2972 archimandritarum
1048 2902 1203 2996 (nostro-

210 3047 290 3097 rum
321 3025 430 3096 veluti
446 3023 625 3117 abbatum)
656 3025 913 3120 episcopalibus
939 3027 1014 3098 fere
1041 3021 1204 3119 insigniis

211 3147 453 3221 deauratorum
475 3147 764 3242 :subsequuntur
787 3133 959 3242 igumeni,
982 3146 1204 3221 inferioribus

211 3270 429 3342 monasteriis
446 3270 604 3365 praefecti
623 3269 723 3363 (sicut
733 3269 863 3366 priores
879 3271 1003 3366 latini).
1022 3271 1203 3343 Monaste-

211 3393 279 3479 ria,
298 3414 378 3464 cum
396 3414 442 3464 ex
459 3393 510 3466 eis
526 3403 662 3464 tantum
677 3393 853 3486 eligantur
865 3393 1033 3488 episcopi,
1048 3394 1143 3486 juste
1161 3412 1204 3463 ca

211 3517 405 3590 visitaturis
421 3516 475 3588 his
488 3515 654 3603 subsunt;
677 3517 807 3588 intacta
821 3516 1066 3609 jurisdictione
1082 3514 1207 3586 localis

210 3639 360 3733 praelati,
381 3639 417 3709 in
434 3638 676 3734 spiritualibus
702 3638 869 3726 vicarios,
899 3639 936 3708 in
952 3635 1207 3731 temporalibus

210 3762 445 3834 thesaurarius
461 3760 622 3833 habentis
636 3760 871 3834 administros.
901 3760 1091 3856 Episcopis
1105 3768 1141 3831 et
1158 3758 1204 3832 ab

210 3883 1075 3982 hisadSynodumcunctorumrationeredcndda.
1090 3883 1205 3977 (Plura
1238 3870 1239 3878 '

212 4006 372 4082 dicentur
389 4009 480 4080 intra
499 4007 545 4080 de
561 4019 652 4079 statu
669 4007 885 4104 monastico).
