3148 5132
778 544 934 596 -xxxn
961 564 995 575 -·

382 693 470 794 urbis
484 742 590 792 muros
603 724 704 809 posito
715 743 769 807 pro
778 724 938 792 recitando
951 722 1049 790 officio
1063 721 1262 806 eleemosyna
1271 719 1376 786 tuerat

386 844 568 930 designata;
583 862 654 910 eum
680 843 787 910 autem
810 841 1006 910 terminando
1033 841 1116 908 inter
1130 840 1325 908 Lutheranos
1345 841 1398 926 et,

389 964 573 1034 Catholicos
596 964 773 1033 Germaniae
794 964 879 1031 bello
900 964 992 1049 plura
1005 965 1038 1030 et
1061 964 1182 1050 majora
1205 964 1288 1032 intra
1309 983 1379 1032 eam

387 1083 549 1151 civitatem
558 1084 679 1169 templa
691 1084 803 1169 majori
815 1084 1033 1151 haereticorum
1047 1103 1119 1150 cum
1141 1083 1261 1168 integro
1272 1083 1377 1170 magi-

388 1205 491 1272 stratu
515 1225 645 1273 numero
669 1205 791 1273 fuerint
815 1204 967 1272 cedenda:
988 1223 1040 1290 pro
1055 1204 1162 1274 missis
1183 1207 1332 1290 perpetuo
1346 1207 1380 1272 in

387 1326 516 1413 praefato
531 1325 562 1394 S.
573 1325 682 1393 Mariae
694 1325 888 1411 Magdalenae
900 1322 1019 1410 templo
1034 1324 1228 1392 celebrandis
1239 1324 1380 1394 destina·

386 1447 481 1516 batur
498 1422 704 1532 stipendium
720 1446 804 1513 sicut
827 1443 947 1530 templo
975 1444 1078 1525 alteri,
1101 1445 1184 1530 quod
1215 1445 1380 1515 catholicis

387 1566 537 1633 relietum
552 1567 629 1642 erat,
652 1586 778 1652 aequum
797 1585 851 1650 pro
870 1566 976 1633 Officio
996 1565 1033 1631 B.
1056 1564 1198 1652 Virginis
1211 1567 1381 1635 recitando.

387 1685 580 1753 Haesitantes
598 1687 703 1769 itaque
720 1685 803 1750 inter
824 1683 965 1769 Scyllam
990 1685 1022 1751 et
1046 1683 1237 1770 Charybdim
1261 1686 1380 1756 nuthe-

388 1803 535 1888 rani,quo
551 1801 647 1870 titulo
662 1802 774 1869 annuis
789 1801 962 1888 gauderent
971 1799 1111 1869 eoclesiae
1121 1801 1307 1885 redditibus,
1317 1823 1382 1869 am·

390 1923 784 2010 bigebant:impareshino
797 1923 1383 2006 missarumoelebrationi‚damnantes

391 2043 464 2110 inde
475 2044 512 2110 Β.
522 2042 662 2128 Virginis
676 2042 810 2123 cultum,
824 2041 1029 2126 undequaque
1049 2041 1227 2127 appetentes
1252 2063 1382 2130 proven-

393 2165 500 2230 turam
526 2163 699 2250 pecuniam.
717 2163 899 2229 Permutato
913 2161 1013 2247 igitur
1033 2179 1135 2244 onere,
1150 2162 1265 2228 missas
1291 2163 1384 2231 alteri

391 2283 686 2370 templocommitti,
701 2283 822 2368 sibique
844 2282 989 2352 Officium
1010 2282 1050 2348 Β.
1076 2280 1186 2348 Mariae
1208 2283 1380 2350 canendum

393 2393 516 2492 eligunt
527 2429 536 2486 ς
548 2410 581 2473 et
592 2425 670 2491 quos
681 2424 700 2473 a
711 2406 801 2474 cultu
815 2406 852 2472 Β.
869 2405 978 2472 Mariae
1001 2405 1142 2492 Virginis
1166 2405 1296 2474 Lnthevi
1307 2428 1380 2476 con·

393 2525 501 2594 silium
529 2525 718 2607 retrahebat,
745 2523 912 2610 potentiori
933 2523 974 2605 vi,
996 2521 1074 2590 nari
1095 2535 1192 2589 socru
1217 2523 1379 2606 famenod

391 2643 537 2711 eumdem
549 2643 682 2709 induxit.
696 2641 805 2710 Velint
825 2641 927 2710 nolint
955 2641 1121 2726 siquidem,
1146 2641 1314 2726 religiosus
1335 2649 1383 2711 est

392 2767 509 2848 cultus,
525 2767 673 2844 solemnis
695 2765 753 2833 illa
772 2765 921 2833 salutatio
943 2765 1084 2852 angelica
1113 2771 1189 2852 Ace,
1218 2787 1280 2860 qua
1302 2768 1382 2835 inci·

390 2887 476 2972 pitur
488 2887 529 2953 ad
537 2885 736 2953 invitandum
749 2885 899 2972 populum
913 2885 953 2952 ad
973 2885 1115 2972 Virginis
1134 2887 1256 2970 laudes,
1266 2885 1329 2956 etsi
1342 2887 1383 2954 ab

391 3006 536 3092 eJusdem
550 3005 658 3073 Officio
673 3007 786 3072 cuncta
795 3004 908 3072 ferend
920 3005 1147 3075 invocationem
1157 3009 1298 3094 ejusdem
1312 3027 1384 3094 per·

391 3123 527 3191 tinentia
538 3122 742 3210 expunxerint
756 3144 765 3188 ε
780 3123 896 3188 colitur
909 3123 1217 3212 siquidemreligiose
1229 3129 1262 3193 in
1276 3129 1385 3210 officio,

389 3246 451 3314 etsi
465 3264 526 3312 non
538 3244 756 3312 invocetur.—
768 3243 803 3309 Si
813 3246 920 3310 autem
927 3243 1200 3313 wratislavienses
1211 3248 1383 3315 Lutherani

389 3367 428 3435 de
446 3365 578 3434 solemni
592 3365 629 3431 Β.
651 3365 794 3450 Virginis
825 3363 914 3432 cultu
939 3365 1085 3442 convicti,
1109 3363 1258 3434 mutilato
1282 3367 1382 3452 ipsius

390 3485 506 3567 Officio,
529 3489 663 3553 renuant
689 3503 758 3551 eam
783 3475 939 3566 invocare,
962 3484 1244 3570 Norimbergenses
1266 3486 1382 3553 intest

389 3609 492 3676 mistae
499 3606 613 3673 minori
622 3625 695 3692 erga
707 3606 881 3674 lutherum
893 3607 1050 3692 scrupulo,
1062 3627 1100 3674 ne
1107 3608 1277 3691 proventus
1287 3611 1382 3676 amit·

389 3731 469 3809 tant,
482 3729 667 3796 fatebuntur
688 3727 829 3814 Deiparae
851 3749 907 3797 neo
929 3729 1052 3796 cultum
1079 3749 1136 3796 nec
1155 3729 1382 3797 invocationem

390 3849 546 3919 amittere.
560 3851 664 3919 dudio
678 3851 834 3936 siquidem
847 3870 867 3918 a
880 3851 983 3936 (viris)
998 3851 1061 3919 fide
1075 3851 1189 3936 dignis,
1204 3852 1259 3936 qui
1274 3852 1383 3920 andie-
