3148 5132
635 620 801 684 -29-

220 807 287 860 nec
319 785 551 882 paedagogus,
586 807 631 859 ne
666 771 781 859 dilata
809 788 973 862 mercede
1007 789 1074 861 sibi
1113 791 1212 866 labor

221 922 410 998 accrescat,
437 909 630 984 tundendas
646 909 806 1004 indulget
830 910 1001 984 infantiae.
1019 915 1067 984 lta
1080 913 1212 989 instru-

220 1045 295 1108 ctos
313 1053 439 1126 pueros
462 1031 645 1125 quosdam,
664 1031 866 1104 educandos
887 1035 1048 1130 amplius,
1065 1034 1211 1130 plusque

220 1157 257 1229 in
276 1167 395 1243 cantu,
428 1158 526 1228 alunt
549 1155 714 1252 episcopi,
746 1154 1042 1244 archimandritae,
1072 1170 1108 1230 et
1129 1181 1211 1233 mo—

219 1280 387 1366 nasteria,
408 1277 634 1352 destinandos
655 1278 816 1350 ecclesias
837 1279 1041 1351 ministerio.
1067 1279 1209 1354 Caeteris

218 1401 334 1473 erexit
348 1402 469 1472 Petrus
486 1400 498 1469 l
515 1399 669 1472 Mosooae
696 1400 833 1473 scholas
856 1401 1026 1500 publicas,
1044 1401 1208 1473 erudien-

217 1523 286 1610 dis,
301 1533 434 1617 'graece,
456 1522 571 1593 latine
588 1520 802 1616 philosophis
815 1543 856 1594 ac
880 1521 1064 1616 theologis.
1084 1523 1122 1593 ln
1138 1523 1203 1611 eis,

217 1647 432 1744 professores
444 1658 526 1716 sunt
543 1643 716 1747 monachi,
734 1645 951 1738 frequentius
967 1645 1027 1738 qui
1044 1666 1064 1716 e
1079 1645 1209 1719 scholis

216 1771 427 1843 Jesuitarum
448 1767 694 1860 transscriptos
712 1778 878 1838 tractatus
896 1789 1013 1837 secum
1028 1767 1208 1841 advehunt

216 1915 263 1966 ex
280 1895 433 1965 Polonia.
453 1893 582 1962 Horum
602 1891 763 1984 peritiam
780 1912 846 1960 nec
864 1891 1013 1982 negabo,
1033 1913 1099 1963 nec
1115 1893 1207 1964 late·

168 2085 169 2090 ,
215 2013 281 2086 bor
304 2015 339 2084 in
368 2012 529 2084 cunctis:
556 2009 759 2103 theologum
790 2014 920 2105 quippe
958 2013 1078 2083 inveni
1099 2035 1206 2085 aoce-

213 2137 316 2223 dens,
335 2137 477 2209 doctum
491 2146 600 2221 uerte,
620 2135 830 2206 hodiernum
844 2135 1036 2208 Smolensci
1066 2138 1205 2232 episco-

215 2284 320 2358 pum;
338 2260 400 2333 sed
426 2279 649 2350 regressurus
667 2257 911 2328 succedentem
937 2260 1063 2354 reliqui
1080 2260 1209 2350 alium,

214 2407 319 2480 quem
339 2385 442 2478 (sicut
454 2391 507 2454 sat
524 2381 667 2453 memini
681 2381 717 2450 in
737 2381 826 2452 Part.
842 2382 855 2449 l
872 2381 917 2452 ad
936 2393 1062 2475 qoaest.
1084 2378 1147 2468 tt,
1169 2383 1205 2453 in

214 2508 345 2604 disput.
361 2505 510 2603 publica)
529 2527 585 2576 me
601 2505 739 2577 audisse
752 2503 879 2592 dicam,
892 2507 988 2577 nulla
1008 2517 1083 2578 arte
1097 2509 1205 2599 susti-

213 2641 354 2702 nentem
373 2650 530 2700 errorcm
546 2627 592 2700 de
617 2627 748 2722 Spiritu
770 2627 824 2714 S.;
846 2629 977 2722 quique
994 2629 1203 2720 ostenditur,

214 2753 360 2825 inertior
393 2753 429 2824 in
455 2754 644 2824 Romanam
675 2752 868 2822 Ecclesiam
897 2750 1100 2837 detrahens,
1131 2754 1209 2849 plus

214 2897 320 2971 quam
347 2877 580 2971 impugnator.
602 2875 854 2948 Paucissimum
885 2875 1032 2947 ulterius
1061 2876 1209 2949 studen-

214 2997 302 3068 tium
315 3019 500 3069 numerum
517 2997 695 3070 convincit
719 2997 904 3070 duodenus
936 3007 1019 3068 tunc
1037 2998 1208 3092 temporis

212 3118 469 3214 theologorum.
503 3120 602 3193 Unde
634 3142 721 3215 ergo
750 3121 813 3194 toti
844 3120 979 3192 Russiae
1023 3118 1207 3215 quaerendi

212 3252 294 3316 sunt
308 3244 583 3330 concionatores,
596 3245 771 3339 sapientes
785 3243 1107 3340 parochi‚praelati,
1134 3264 1191 3337 epr

212 3364 336 3458 scopi?
353 3365 437 3437 Vaet
457 3364 653 3437 Postremus
673 3364 862 3438 observavi
880 3364 1037 3438 eruditos
1051 3363 1206 3435 nonnul·
1313 3349 1331 3415 ι’

121 3470 123 3476 ’
212 3483 267 3557 los
289 3541 298 3574 ‚
318 3506 406 3579 qnos
423 3507 487 3582 pro
504 3475 627 3560 Russia'
647 3487 848 3560 instruxere
874 3486 958 3560 alibi
987 3485 1118 3560 scholae
1135 3486 1206 3556 La-

212 3607 366 3680 tinorum
398 3619 583 3705 apostatas.
605 3610 831 3682 lloctissimus
858 3611 948 3681 inter
966 3631 1027 3682 ecs
1040 3606 1206 3703 praesidet
1334 3667 1338 3676 .

212 3727 340 3801 lllustr.
361 3730 601 3828 Theophanes,
618 3733 875 3828 Novogorodiae
892 3733 1066 3827 archiep,
1098 3732 1204 3802 colle-

212 3851 261 3944 gii
280 3851 480 3926 Graecorum
507 3856 543 3927 S.
561 3855 745 3927 Athanasii
770 3857 891 3928 llomae
917 3857 1019 3927 annis
1046 3855 1204 3951 pluribus

213 3994 292 4048 cum
323 3978 503 4052 catholicis
534 3980 669 4068 incola;
703 3980 810 4070 unde,
844 3981 986 4054 dimissa
1018 3979 1068 4052 ihi
1098 3998 1202 4073 quam
