3148 5132
813 591 991 686 ..vm-

399 817 491 883 mario
502 817 588 884 enixe
602 813 894 883 commendaverant
907 814 1048 882 doctores
1059 813 1250 888 Sorbonnioi‚
1266 815 1385 900 ajentee

399 939 472 1003 erim
496 937 628 1021 'utrique
655 936 777 1002 maneri
806 935 948 1002 obeundo
976 953 1045 1002 esee
1075 953 1190 1017 parem,
1221 937 1318 1003 immo
1345 937 1386 1002 ad

399 1059 602 1126 ecelesiarum
622 1058 769 1124 unionem
785 1056 986 1123 obtinendam
999 1055 1169 1122 admodum
1184 1059 1304 1142 aptum.
1318 1059 1385 1126 Nee

398 1183 502 1250 multo
519 1182 691 1264 pestanae
709 1178 834 1246 e'eilieet
849 1155 937 1258 1728,
955 1196 1061 1244 mense
1077 1179 1172 1264 majo,
1187 1179 1384 1247 iterhloeoe

397 1301 529 1367 mtibum
553 1299 627 1366 iniit
648 1298 748 1380 lube
765 1300 925 1382 assumpto
946 1297 1063 1364 lietieio
1097 1298 1221 1364 nomine
1244 1299 1385 1382 Laome,

398 1423 628 1508 plurimamque
642 1427 766 1504 operam
786 1420 892 1506 posuit
906 1421 943 1486 ut
964 1437 1059 1506 greve
1079 1421 1203 1487 unionir
1224 1422 1384 1507 negotium

397 1541 567 1625 perliceret,
589 1543 623 1608 at
644 1540 739 1607 irritu
767 1541 881 1607 oonatu
895 1562 904 1606 ι
919 1539 1063 1624 quamvis
1085 1540 1169 1607 enim
1190 1539 1386 1607 nobilissima

397 1665 503 1730 henes
517 1663 638 1730 familia
653 1679 777 1728 summo
794 1651 898 1728 lavore
913 1660 995 1745 apud
1007 1659 1155 1743 juvenem
1163 1659 1386 1745 Imperatorem

399 1781 606 1866 (1727-1730)
634 1780 794 1866 gauderet,
822 1792 990 1862 rerumque
1020 1779 1085 1847 fero
1116 1779 1256 1846 omnium
1270 1779 1381 1862 potita,

398 1900 502 1966 animo
530 1900 614 1968 eeeet
642 1899 675 1963 in
702 1897 889 1964 catholicam
911 1898 1096 1983 religionem
1118 1899 1196 1966 satie
1226 1917 1384 1982 propenso,

398 2019 716 2104 —quemadmodum
735 2020 768 2085 et
793 2018 899 2102 plures
918 2018 973 2083 alii
988 2037 1004 2084 e
1019 2021 1197 2100 proceribus
1218 2020 1384 2105 utriusque

397 2137 780 2220 statue—nihilominus
804 2140 911 2202 tamen
934 2138 1038 2206 totum
1052 2139 1214 2222 negotium
1235 2138 1317 2205 illud
1336 2139 1385 2206 in·

396 2279 522 2330 oaseum
544 2251 634 2342 abiit,
648 2261 695 2325 ita
715 2259 753 2324 at
777 2260 899 2325 mortuo
921 2259 1069 2340 PetroII,
1083 2277 1146 2326 non
1160 2259 1264 2326 solam·
1283 2260 1385 2326 omnis

396 2379 520 2446 unionis
533 2399 604 2466 spes
619 2379 789 2462 evanuerit,
802 2377 858 2445 eod
881 2379 912 2444 et
931 2379 1114 2461 persecutio·
1130 2380 1238 2446 eontra
1259 2379 1385 2462 quosvis

396 2497 560 2564 catholicae
584 2517 685 2565 caueae
706 2497 847 2564 fautores
872 2496 974 2564 luerit
993 2496 1137 2564 excitata
1162 2495 1252 2578 Quod
1276 2497 1383 2564 antem

396 2619 557 2706 negotium
570 2619 695 2686 unionis
719 2620 752 2684 in
764 2619 902 2686 nihilum
913 2618 1036 2700 abierit,
1050 2618 1084 2684 id
1096 2617 1266 2684 mirabitur
1279 2635 1381 2694 nemo,

397 2735 426 2800 si
440 2754 548 2804 seeum
572 2735 752 2821 perpendat,
773 2736 856 2804 illud
870 2755 927 2805 neo
941 2737 1068 2814 nomine
1078 2737 1211 2804 Romani
1221 2736 1380 2822 pontifioie

396 2853 494 2922 fuisse
525 2855 695 2940 inceptum,
725 2873 782 2923 neo
815 2856 939 2924 omnino
983 2875 1001 2922 a
1033 2855 1209 2924 rationibus
1241 2857 1382 2942 politioie

395 2996 529 3048 vaouum
543 2979 575 3045 et
588 2977 738 3046 immune.
843 3013 845 3018 ·
898 3011 903 3018 ·

434 3113 510 3195 Quae
520 3131 621 3198 quum
638 3114 685 3180 ita
704 3131 738 3180 ee
751 3113 896 3193 habeant,
914 3131 975 3180 non
992 3114 1231 3198 inopportunam
1244 3116 1378 3184 arbitra·

394 3251 466 3299 mur
487 3250 554 3298 esee
576 3251 688 3299 novam
707 3233 850 3319 opusculi
871 3234 1033 3300 Riberiani
1054 3236 1234 3319 editionem,
1253 3238 1329 3320 qnin
1349 3241 1382 3305 et

392 3351 468 3418 viris
481 3353 590 3436 patriae
604 3352 743 3420 historiae
755 3355 905 3420 studioais
918 3355 983 3422 fore
994 3355 1179 3422 confidimus
1190 3359 1359 3441 acceptam.

433 3524 463 3588 5.
483 3495 534 3588 Ad
555 3497 620 3588 haee
641 3523 764 3624 aooedit
785 3518 848 3623 alia
868 3526 958 3605 ratio,
979 3525 1113 3620 insignia
1128 3525 1227 3610 operis
1249 3528 1379 3606 raritae;

390 3665 460 3730 qnae
470 3645 560 3711 tanta
570 3646 619 3710 eet
628 3643 666 3711 ut
676 3664 732 3729 ego
745 3646 871 3730 quidem
881 3647 1005 3714 nonnisi
1016 3647 1076 3712 duo
1086 3648 1272 3732 exemplaria
1283 3649 1379 3716 offen·

373 3753 499 3864 herim,
520 3763 656 3866 alterum
676 3763 709 3829 in
734 3765 924 3833 bibliotheca
947 3767 1163 3832 universitatis
1177 3767 1374 3851 Viennensis,

391 3879 528 3948 alteram
549 3881 582 3946 in
601 3880 790 3948 bibliotheca
810 3880 842 3947 J.
855 3880 894 3946 Β.
909 3881 1031 3988 'Melon
1045 3900 1112 3948 ven.
1127 3900 1221 3948 mem.
1237 3883 1375 3986 episeopi
