3172 5130
764 541 948 610 -168—

344 712 397 803 ¹ris
413 726 589 821 quondam
619 745 731 812 soror,
758 747 837 800 cnm
867 725 1170 798 Excellentissimo
1194 725 1343 798 Domino

347 852 464 944 iegato
499 850 678 946 Hispaniae
708 851 802 922 Duce
818 848 864 921 de
891 849 995 930 Liria,
1013 861 1081 920 etc.
1101 848 1341 922 leuauerunte

348 995 450 1047 sauro
468 975 575 1045 fonte.

396 1089 514 1180 Canon
544 1105 605 1193 67,
621 1106 722 1198 jubet
740 1130 786 1182 ex
814 1128 911 1180 sacra
931 1107 1109 1201 Scriptura
1133 1105 1338 1181 abstineria

344 1232 517 1324 sanguine
530 1241 564 1302 et
590 1231 772 1318 suffocato,
790 1231 963 1303 damnans
982 1217 1120 1320 eosqui
1141 1234 1340 1319 cujuscum-

345 1381 413 1448 que
433 1360 604 1428 animalis
638 1362 854 1448 sanquinem
885 1364 965 1426 arte
982 1357 1104 1442 aliqua
1120 1358 1289 1426 condiunt
1304 1366 1340 1427 et

344 1482 397 1552 sio
421 1483 607 1550 comedunt
622 1510 633 1562 ,·
651 1478 830 1574 deponens
848 1477 1166 1550 ‘contravenientes
1192 1477 1337 1552 clericos

338 1613 374 1673 et
396 1600 705 1672 excommunicans
734 1600 854 1671 laicos.
882 1597 1012 1669 Nuliibi
1045 1611 1280 1693 tamenquam
1299 1601 1335 1671 in

339 1724 459 1796 Russia
478 1723 551 1795 uidi
588 1723 665 1816 plus
690 1721 863 1794 suffocatis
898 1719 1107 1792 animalibus
1131 1722 1195 1806 uti,
1217 1732 1254 1792 ut
1272 1744 1338 1793 nec

244 1891 247 1898 ι
344 1871 436 1921 unns
448 1826 504 1936 sit,
523 1851 582 1943 qui
595 1849 661 1920 hoc
678 1859 775 1943 putet
803 1849 881 1940 iege
902 1847 1026 1919 vetari.
1044 1848 1159 1920 Fateri
1173 1858 1336 1924 tenemur

343 1973 434 2045 hanc
451 1973 563 2066 legem
576 1972 801 2044 christianam
820 1971 925 2042 inisse
945 1970 1006 2064 (t),
1041 1969 1201 2065 imposito
1227 1993 1335 2044 onere

342 2095 540 2166 necessario
554 2089 759 2157 abstinendi
771 2088 816 2156 ab
830 2088 1026 2156 immolatis
1044 2088 1335 2173 simulacrorum,

341 2213 557 2299 csouyuine
580 2217 615 2280 ct
629 2213 810 2294 suffocato,
826 2227 910 2298 eto,
946 2214 1117 2307 quidquid
1148 2219 1335 2309 garrularit

341 2335 505 2408 Calvinus
540 2337 674 2407 nulium
707 2357 858 2428 unquam
890 2336 1005 2407 cibum
1037 2337 1331 2424 fuissevetitum;

341 2481 412 2531 non
437 2460 605 2554 capiens,
640 2459 793 2553 potuisse
823 2459 968 2530 Paulum
1003 2459 1053 2552 (t.
1080 2458 1157 2530 Cor.
1185 2460 1247 2546 X,
1273 2460 1332 2552 25)

341 2564 530 2654 Corinthiis
565 2580 708 2652 dicere:
740 2600 847 2667 omnes
881 2584 974 2670 quod
1001 2585 1041 2651 iu
1071 2586 1217 2653 macello
1238 2589 1336 2654 uenit

339 2708 564 2790 manducate,
589 2695 682 2775 nihil
697 2710 970 2795 *intermontes
985 2714 1138 2795 propter
1159 2715 1334 2778 conscien-

339 2835 439 2912 tiam,
462 2849 506 2898 ne
524 2825 655 2919 aliquid
673 2849 719 2898 ex
741 2837 867 2900 natura
887 2830 942 2899 vei
955 2830 1033 2922 lege
1051 2831 1193 2924 antiqua
1221 2831 1333 2923 poliu-

340 2962 424 3038 tum,
460 2962 495 3021 et
526 2950 670 3034 malum,
700 2970 779 3019 cum
809 2949 1018 3041 quibusdam
1046 2961 1128 3022 tunc
1159 2949 1333 3024 haeretiois

342 3073 555 3146 dubitarent.
569 3070 640 3144 Sed
653 3073 711 3144 lex
723 3072 783 3144 ilia
801 3071 891 3168 (Act.
912 3072 991 3166 XV)
1019 3095 1186 3169 expresse
1205 3074 1332 3147 tradita

336 3189 467 3288 legitur
493 3191 550 3259 bis
566 3192 629 3276 qui
643 3196 728 3258 sunt
740 3190 941 3258 Antiochia
953 3197 987 3258 et
1005 3192 1126 3278 Syriae
1147 3197 1181 3260 ct
1198 3193 1334 3260 Ciliciae

336 3313 518 3401 fratribus
556 3311 607 3380 ecc
636 3313 800 3400 centibus
822 3316 923 3410 (ibid.
944 3338 980 3391 v.
999 3319 1058 3410 23)
1073 3316 1329 3401 determinate;

338 3439 480 3509 minime
514 3458 601 3508 vero
638 3440 919 3531 pro,omnibus;
955 3441 1070 3512 forsan
1115 3440 1160 3512 ad
1205 3439 1325 3533 pacifi-

337 3560 468 3632 candos
500 3559 721 3646 christianos,
756 3559 815 3630 ubi
857 3545 976 3654 piures
1016 3551 1115 3632 erant
1155 3561 1256 3631 mixti
1284 3582 1331 3632 ex

335 3681 530 3756 Gentilibus
564 3692 599 3752 et
628 3681 783 3769 Judaeis;
817 3682 925 3754 solitis
947 3682 1000 3754 his
1022 3681 1082 3775 tex
1114 3679 1226 3755 Levit.
1247 3682 1328 3770 VII,

372 3940 670 4028 mmmmm
