3124 5126
232 792 332 892 ame
357 817 543 910 theologiae
561 817 740 890 discendae
765 829 846 889 tuno
860 819 1128 912 operamdaute
1159 821 1227 893 de-

233 944 381 1014 fensum.
400 940 594 1013 Celebranti
612 941 646 1009 in
668 952 786 1010 nostro
805 941 1075 1013 Praedioatorum
1106 932 1234 1015 Barciss

233 1067 381 1139 nonensi
402 1069 435 1136 S.
455 1065 651 1135 Catharinae
665 1065 760 1156 Virg.
790 1070 823 1135 et
840 1065 940 1136 Mart.
961 1068 1090 1160 templo
1107 1089 1225 1158 graeco

231 1189 405 1262 sacerdoti
422 1187 620 1258 adstitimus
639 1188 791 1278 religiosi
816 1189 890 1258 fere
914 1191 1042 1260 cuncti.
1065 1192 1224 1264 Formato

231 1315 345 1384 crucis
363 1313 475 1402 signo,
489 1311 593 1380 missa
606 1331 706 1381 sacra
726 1311 861 1380 initium
873 1310 1007 1383 habuit.
1031 1315 1123 1384 Illud
1138 1337 1223 1386 vero

233 1435 397 1530 peculiari
415 1433 522 1503 hocce
542 1433 645 1503 modo
663 1434 831 1526 perfecit:
852 1456 872 1504 a
890 1435 1003 1505 lroute
1029 1437 1073 1508 ad
1090 1448 1222 1529 pectus,

231 1561 322 1632 siout
336 1557 470 1640 caeteri,
489 1578 628 1626 manum
643 1556 803 1626 dextram
832 1531 956 1642 duxit3
992 1559 1074 1630 inde
1104 1561 1224 1650 sejun-

230 1693 305 1752 ctas
330 1680 453 1752 eodem
484 1691 640 1771 tempore
671 1679 791 1748 ambas
818 1701 940 1750 manus
970 1681 1014 1752 ad
1039 1679 1221 1755 humerum

232 1801 561 1896 correspondentem
590 1810 771 1892 utramque
789 1803 965 1894 applicans
979 1806 1147 1887 contulit;
1176 1831 1222 1880 ex

231 1928 401 1998 a'mbobus
428 1947 509 1994 mox
543 1925 710 2008 humeriS,
729 1925 858 2014 junctis
884 1927 1056 2012 manibus,
1082 1953 1220 2003 crucem

230 2043 454 2138 osculandam
471 2061 618 2140 utroque
635 2047 758 2138 pollice
774 2047 938 2132 formam,
956 2050 1077 2142 orique
1101 2053 1221 2125 admo-

231 2194 327 2245 vens.
364 2172 486 2242 Coram
517 2171 663 2254 cunetis,
708 2167 805 2238 finito
841 2192 954 2256 sacro,
990 2173 1218 2245 ratiunculam

229 2293 416 2389 quamdam
448 2291 491 2360 ab
518 2312 559 2361 eo
589 2291 762 2381 exquisivi
784 2293 913 2362 :latine
940 2294 1112 2386 siquidem
1141 2319 1219 2367 eum

228 2431 384 2513 poteram
416 2414 563 2507 alloqui3
595 2413 724 2483 nullam
755 2424 868 2484 tamen
901 2416 1034 2501 audivi,
1070 2431 1221 2511 praeter-

227 2559 333 2632 quam
349 2537 443 2630 quod
461 2537 510 2606 sic
527 2533 705 2605 celebrare
723 2531 870 2606 edoctus
895 2549 982 2608 erat.
1000 2538 1109 2622 Quem
1122 2541 1217 2626 civi·

226 2662 386 2733 lissimea
399 2659 500 2730 nobis
514 2657 742 2728 resalutatum
758 2657 961 2730 dimisimus.
976 2661 1051 2732 Non
1071 2663 1217 2735 deerant
1268 2691 1270 2698 ·

227 2811 248 2859 e
277 2787 470 2868 monachis,
499 2781 626 2876 quibus
654 2802 722 2851 non
754 2783 908 2874 placeret
930 2784 1017 2856 ritus
1044 2787 1213 2876 insolitus²

226 2921 403 2994 caventes,
424 2929 467 2978 ue
484 2907 517 2976 iu
537 2927 579 2977 eo
608 2905 755 2995 alicujus
780 2904 909 2976 erroris
934 2906 1057 2978 lateret
1088 2909 1214 2980 virus:

225 3034 407 3106 celebrans
423 3032 530 3112 enim,
551 3030 639 3100 sicut
658 3028 784 3114 Latini,
804 3028 969 3099 credebat
995 3031 1040 3102 de
1069 3054 1216 3125 prooes-

224 3156 323 3226 sione
356 3155 505 3248 Spiritus
536 3154 572 3222 S.
608 3149 722 3236 Absit,
756 3173 822 3242 ego
853 3149 1059 3236 subaddidi;
1090 3156 1158 3226 imo
1188 3157 1217 3228 si

224 3290 356 3352 stemus
401 3281 488 3349 ritus
527 3279 617 3348 illius
665 3276 913 3361 caeremoniae,
960 3279 1055 3348 nullo
1113 3283 1217 3354 modo

225 3403 349 3474 melius
368 3399 555 3494 significari
574 3411 684 3493 potest
695 3398 822 3490 dogma
838 3409 992 3468 nostrum
1008 3401 1214 3475 catholicum

223 3549 244 3598 a
262 3528 340 3597 viro
357 3543 486 3620 graecu,
504 3522 687 3594 nobiscum
710 3520 754 3592 de
772 3521 923 3613 Spiritus
941 3525 975 3592 S.
996 3525 1215 3614 processione

223 3652 473 3723 consentiente.
493 3650 578 3718 Cum
595 3647 686 3716 enim
721 3644 807 3714 duas
838 3666 1004 3739 personas
1040 3648 1212 3739 spirantes

225 3775 295 3846 duo
316 3772 473 3868 spirandi
491 3771 659 3865 principia
684 3770 814 3838 inlerre
835 3768 951 3840 Graeci
968 3768 1214 3842 dissentientes
1238 3788 1240 3792 ’

224 3899 407 3977 edoceant,
419 3894 626 3964 simultaueo
641 3905 763 3962 manus
777 3891 872 3962 binae
890 3903 995 3974 motu,
1008 3893 1215 3986 actioneque

226 4023 354 4116 uniqua
382 4017 426 4090 ad
444 4017 531 4088 duos
549 4016 713 4086 humeros
734 4012 911 4097 tendente,
934 4017 1067 4084 unicam
1092 4018 1216 4109 expri-
