3172 5130
595 631 630 639 -
659 597 716 657 ldll
738 631 780 644 -

202 781 302 862 meri,
320 779 462 850 falsatus
475 778 569 848 enim
588 786 663 848 erat
677 775 766 848 liber
783 779 828 848 ab
855 779 1030 852 haereticis
1051 783 1085 852 in
1108 807 1193 855 non·

199 903 304 974 nullis
335 901 420 972 lucis
449 911 517 970 etc.
556 928 574 962 n
613 901 806 991 Supersunt
838 923 924 992 ergo
954 915 1062 975 testes
1066 961 1140 976 .....

200 1027 321 1098 Simile
348 1023 433 1118 quid
452 1023 580 1113 legitur
597 1023 733 1092 actione
759 1022 840 1092 XIV
866 1025 1023 1114 ejusdem
1050 1028 1191 1122 synodi.

258 1148 429 1220 «Utinam
449 1157 565 1239 postea
583 1143 628 1214 ab
643 1145 720 1216 aliis
748 1146 881 1216 imitata
908 1147 983 1219 haec
1003 1151 1098 1221 fraus
1124 1175 1194 1226 non

201 1269 388 1360 legeretur.
417 1267 648 1359 Conqueritur
686 1267 856 1360 siquidem
905 1271 939 1340 S.
980 1271 1046 1342 leo
1092 1295 1192 1366 papa,

201 1415 258 1486 ep.
278 1393 324 1463 ad
343 1393 557 1474 Palaestinos,
582 1391 627 1462 de
647 1403 810 1484 corrupto
833 1394 906 1484 jam
924 1395 1081 1484 ejusdem
1102 1410 1194 1466 tem-

202 1526 292 1608 pore'
330 1517 438 1608 ipsius
478 1517 623 1606 epistola
667 1515 712 1585 ad
755 1517 789 1585 S.
823 1517 1033 1590 Flavianum.
1081 1520 1193 1590 Sicuti

201 1641 238 1710 S.
261 1639 450 1734 Gregorius
466 1639 534 1735 (ep.
553 1639 631 1708 XlV
645 1639 688 1708 ad
708 1637 866 1732 Narsem)
883 1661 930 1709 ex
953 1655 1083 1712 asserta
1112 1665 1197 1714 cor-

202 1764 363 1856 ruptione
380 1763 505 1857 synodi
529 1762 820 1834 Chalcedonensis
833 1773 868 1833 et
882 1765 1055 1856 suspicata
1077 1767 1195 1858 Ephe-

200 1887 322 1957 sinaea
339 1887 484 1968 Graecis
506 1885 608 1953 inlert
625 1886 727 1974 longe
747 1888 944 1956 veraciores
960 1891 1205 1980 Romanorum!

201 2013 352 2083 codices.
369 2011 523 2104 Ideoque
536 2010 697 2080 Nicolaus
713 2011 728 2080 Ι
746 2008 814 2104 (ep.
832 2010 877 2081 ad
890 2011 1049 2082 Michael.
1073 2013 1194 2103 Impe-

203 2126 339 2218 rator.),
356 2125 511 2215 allegans
536 2123 715 2215 epistolam
740 2133 899 2200 Adriani
927 2135 976 2201 ad
1003 2135 1197 2202 Tarasium

203 2246 356 2318 advertit
371 2275 378 2315 :
392 2246 456 2315 nisi
468 2247 586 2315 falsata
597 2245 798 2316 Graecornm
813 2245 1086 2338 praecedentium
1099 2265 1197 2316 more

203 2369 307 2440 fuerit
321 2395 329 2453 ;
342 2367 566 2461 repetendam
580 2389 657 2438 eam
671 2389 775 2460 quam
791 2366 964 2460 producit,
978 2369 1006 2438 si
1017 2367 1194 2461 quomodo

202 2490 247 2563 ab
273 2493 461 2584 apostolica
487 2491 571 2562 sede
597 2495 703 2562 missa
731 2492 843 2562 luerat
863 2511 968 2584 penes
982 2491 1197 2584 Cpolitanam

202 2613 393 2685 Ecclesiam
418 2617 553 2708 integra
579 2626 794 2686 servaretur.
829 2615 1035 2685 Omittamus
1070 2613 1194 2704 hujus-

203 2737 298 2808 modi
325 2739 424 2831 plura
453 2739 497 2808 ab
527 2738 604 2808 aliis
632 2739 790 2820 collecta,
822 2737 915 2830 apud
947 2737 1193 2806 Bellarmiuum

205 2861 413 2953 requirenda
430 2861 674 2951 (controvers.
695 2875 777 2932 tom.
814 2864 850 2945 l,
871 2883 935 2952 cap
980 2859 1002 2929 Ξ
1024 2860 1069 2932 de
1094 2862 1193 2932 Rom.

204 2981 367 3074 pontifice
385 2985 445 3054 lib.
468 2985 499 3077 l)
534 3012 549 3051 ι(
566 2987 679 3055 Posset
693 2995 810 3054 tamen
827 2983 881 3053 hic
895 2983 1062 3068 dubitari,
1081 2983 1199 3076 aqui-

203 3105 270 3176 bus
287 3107 419 3179 Graecis
437 3109 493 3177 vel
519 3129 644 3178 novam
664 3101 769 3178 fidem
785 3107 1007 3178 christianam
1024 3107 1194 3200 receperit

204 3206 425 3310 Russiasvel
460 3230 549 3300 hanc
582 3229 753 3322 perditam
794 3229 1082 3321 recuperaverit?
1124 3231 1198 3298 Hoc

204 3351 332 3422 lactum
351 3354 455 3424 luisse
480 3365 596 3424 narrat
626 3354 794 3424 Baronius
812 3351 894 3444 (tom
921 3351 965 3436 X,
989 3375 1023 3444 p.
1045 3352 1127 3441 255)
1159 3352 1194 3420 in

205 3472 400 3546 finesaeculi
411 3478 509 3556 noni;
523 3475 585 3546 sed
599 3477 714 3568 plures
729 3486 860 3568 ponunt
875 3476 908 3544 in
931 3473 1000 3544 fine
1019 3472 1136 3544 saeculi
1148 3472 1195 3552 X,

203 3619 273 3689 quo
288 3600 362 3668 sine
378 3598 484 3670 dubio
503 3599 660 3690 regnavit
680 3598 905 3694 Vladimirus‚
939 3598 1052 3690 primo
1083 3595 1196 3685 bapti-

204 3734 299 3818 zatus
316 3733 352 3791 et
367 3733 509 3791 vocatus
525 3723 559 3790 in
579 3722 845 3812 regeneratione
862 3720 1017 3791 Basilius.
1032 3718 1086 3788 Ab
1104 3737 1195 3787 anno

204 3845 322 3936 itaque
345 3845 415 3914 865
444 3843 562 3914 divisit
588 3846 730 3916 Plautius
760 3843 951 3924 Graeciam,
982 3823 1135 3910 intrusus
1159 3839 1195 3908 in

204 3965 322 4066 sedem
335 3966 550 4058 Cpolitanam
566 3979 687 4038 contra
702 3968 870 4059 lgnatium
887 3994 895 4051 3
913 3965 1092 4058 depositus
1106 3984 1198 4034 anuo
