3172 5130
776 561 898 620 -i-iti
924 595 959 606 -

371 737 802 832 OfficiapropriaferiisV
836 737 1133 830 Quadragesimae,
1166 741 1292 835 quibus
1321 743 1368 814 ob

374 861 628 930 solemnitatem
659 837 873 930 carebaniin
899 855 1151 954 Antiphonario
1178 875 1213 933 et
1249 885 1366 936 sacra·

373 983 543 1055 mentnrio
582 983 759 1076 dispositis
792 1005 853 1076 per
884 983 1088 1076 Gregorium
1126 987 1148 1056 Ι.
1181 988 1363 1070 Quomodo

372 1109 462 1179 enim
483 1106 694 1178 credendum
724 1116 790 1190 est,
809 1105 974 1198 huncqui
989 1106 1058 1196 jam
1077 1110 1201 1178 testum
1220 1101 1317 1180 feriae
1335 1111 1364 1179 V

372 1231 498 1323 reperit
514 1229 557 1298 ab
573 1231 731 1321 Agapeto
749 1227 920 1298 sublatum
945 1255 951 1309 ;
974 1230 1034 1320 qui
1054 1229 1366 1322 Quadragesimam

370 1357 568 1424 continuam
588 1353 682 1422 feriis
700 1352 881 1444 unoque
897 1353 1120 1443 jejunandam
1143 1355 1283 1438 indixit,
1306 1355 1368 1448 qui

368 1476 529 1547 Officium
544 1474 817 1544 ecclesiasticum
834 1475 1121 1566 Quadragesimae
1137 1478 1286 1568 integrao
1303 1499 1366 1548 or-

369 1601 514 1684 dinavit,
546 1599 666 1668 feriam
695 1596 832 1666 hach
855 1598 889 1666 in
906 1599 1200 1690 quadragesimali
1224 1601 1365 1690 lugubri

368 1722 488 1793 Officio
518 1723 624 1790 etiam
644 1742 712 1789 non
751 1719 1083 1812 comprehenderit?
1103 1724 1173 1792 Nec
1196 1724 1365 1794 discussio

358 1847 474 1939 igitur
498 1843 612 1916 Goarii
632 1843 714 1934 (not.
740 1844 774 1912 in
791 1843 1000 1934 praesanctif.
1022 1843 1120 1916 Offic.
1142 1854 1178 1914 n⁰
1200 1844 1257 1928 ii,
1281 1867 1359 1938 pag.

368 1969 450 2061 did)
481 1990 543 2061 pro
559 1967 676 2037 Officio
711 1963 1191 2060 praesanctificatorumapud
1223 1968 1363 2039 Graecos

365 2091 499 2184 aliquid
529 2092 643 2161 obstat
681 2118 687 2158 :
720 2111 785 2158 nec
813 2091 1047 2182 manuscripta
1093 2092 1287 2186 Cryptofer.
1328 2107 1364 2168 ot

365 2213 547 2285 Barberini
563 2215 690 2308 qui-bus
709 2211 797 2296 fidit,
819 2223 938 2282 contra
962 2212 1183 2287 traditionem
1217 2215 1370 2286 Graeco*

365 2363 441 2410 rum
456 2361 560 2432 quam
582 2337 705 2426 rejicit,
734 2335 925 2430 quidquam
942 2337 1102 2428 probant,
1127 2349 1164 2406 ut
1187 2337 1361 2411 Germano

363 2451 656 2553 constantinopol.
678 2459 1086 2550 antistitecomponente,
1122 2459 1310 2552 Gregorius
1334 2460 1359 2529 ll

362 2586 536 2656 Romanus
550 2585 710 2653 Pontifex
740 2579 1123 2660 confirmansOfficium
1153 2581 1239 2652 illud
1259 2583 1359 2653 Grae-

361 2709 411 2778 cis
429 2707 643 2799 imposuerit.
669 2703 869 2775 claudicare
897 2705 1069 2796 siquidem
1099 2705 1211 2799 Goarii
1228 2705 1357 2776 dedu-

359 2831 510 2900 ctionem
521 2829 633 2920 (veniu
643 2839 737 2898 tanto
751 2828 827 2895 viro
843 2811 1052 2919 praestando)
1062 2840 1113 2897 est
1123 2831 1196 2898 sole
1210 2830 1354 2901 clarino.

362 2955 497 3036 Fateor,
534 2951 628 3045 qnod
661 2952 734 3042 ipse
780 2948 914 3038 objicit,
950 2943 1123 3042 synodum
1160 2951 1357 3024 Troiianam

361 3075 461 3146 annis
479 3075 524 3146 ot
545 3073 714 3167 Gregorio
733 3073 743 3141 Ι
764 3071 991 3164 posteriorem
1003 3099 1010 3155 ;
1024 3072 1103 3142 hinc
1119 3084 1234 3144 tameo
1256 3056 1358 3146 ιιιιιιι-Ι

359 3223 466 3295 quam
496 3199 655 3294 probavit
685 3197 842 3281 Goarius,
860 3218 926 3267 noo
956 3195 1161 3290 Gregorium
1189 3201 1355 3293 primum,

357 3326 420 3398 sed
438 3325 629 3416 secundum
655 3323 873 3423 concurrisse
889 3321 931 3392 ad
951 3324 1161 3422 praesanctif,
1180 3323 1355 3414 Officium,

356 3447 401 3517 de
422 3469 491 3540 quo
506 3441 738 3540 synodus'ilta
752 3467 828 3515 can.
850 3443 903 3512 Lu
923 3445 1079 3514 sanxerit
1100 3470 1107 3512 :
1126 3441 1165 3506 in
1191 3441 1358 3509 omnious

275 3653 277 3658 ,
356 3575 482 3642 diebus
501 3575 793 3660 Quadrupestmae
806 3572 937 3656 ieiunii
948 3578 1190 3659 praeterquam
1208 3567 1356 3637 subbato

353 3673 388 3758 et
401 3692 632 3758 Dontiniouet
648 3691 944 3759 denuntiationis
956 3690 1025 3770 die,
1037 3689 1354 3792 praesanctificatu-

355 3829 588 3878 romanorum
605 3813 775 3897 Officium
789 3811 1265 3906 siatvigiiantissimuscertc
1275 3835 1356 3886 auc·

322 3933 326 3946 ·
355 3938 409 4036 tor
436 3927 501 3998 iste
524 3940 558 3999 et
582 3927 697 4002 fidelis
721 3933 837 4004 Gallus
863 3935 896 4004 in
917 3935 1171 4028 grammaticali
1193 3937 1355 4012 versione
