3148 5132
786 651 988 704 ...xxm-

355 829 436 898 dem
474 828 679 898 constituunt
711 857 725 888 ι
755 831 951 899 desultorum
982 831 1132 901 Societati
1172 832 1358 922 adscriptos,

365 953 615 1046 demonstratum
628 969 692 1020 ase
703 955 823 1021 scribit.
842 956 1107 1024 Gloriosissimam
1126 957 1208 1025 hanc
1222 958 1360 1028 Societa-

365 1077 431 1143 tem
445 1093 617 1160 numquam
628 1093 689 1142 non
702 1075 791 1154 novi;
807 1075 862 1142 sed
886 1093 998 1162 exque
1022 1078 1242 1145 haereticorum
1261 1081 1360 1148 nostri

364 1199 515 1283 temporis
527 1199 598 1264 tum
610 1197 780 1282 scripturas
800 1197 930 1275 vidisse,
951 1199 1023 1265 tum
1039 1198 1166 1265 audisse
1180 1198 1214 1265 in
1225 1217 1294 1266 eam
1308 1218 1360 1266 re·

364 1321 455 1390 bidas
465 1322 578 1387 horum
588 1339 679 1388 voces
697 1321 779 1404 mihi
792 1319 935 1405 contigit,
950 1321 1208 1389 venerabiliorem
1222 1322 1360 1408 probavi.

364 1439 560 1524 Praecipuam
574 1431 723 1505 Romana
737 1433 888 1506 Ecclesiae
902 1441 1023 1524 partam
1038 1441 1089 1525 (ut
1112 1440 1168 1521 ais,
1186 1440 1359 1526 miApolo·

365 1559 465 1644 gista)
480 1577 570 1626 sacra
583 1558 605 1625 J
608 1575 662 1624 esu
677 1557 815 1624 Societas
830 1576 891 1624 non
901 1560 1079 1640 constituit;
1094 1561 1149 1628 sed
1169 1561 1359 1630 interemtus

365 1677 530 1764 religiosos
558 1695 616 1743 nec
643 1677 769 1745 infimos
800 1677 975 1746 Ecclesiam
996 1681 1082 1748 sicut
1106 1682 1211 1749 caeteri
1232 1683 1357 1750 ordines

367 1801 503 1867 exornet.
530 1800 631 1882 Hanc,
644 1801 683 1866 ut
695 1803 772 1868 sect.
792 1803 820 1883 1,
834 1801 898 1868 dixi
913 1802 972 1887 (l),
996 1803 1127 1869 lutheri
1150 1789 1356 1870 aetate'ortem

367 1917 453 1985 etad
468 1917 551 1983 hunc
564 1916 670 1997 finem,
681 1918 757 2001 quid
771 1919 905 2000 miraris,
923 1921 1004 2004 quod
1015 1921 1049 1986 iu
1061 1921 1235 1989 evertendis
1245 1921 1359 1988 vestris

367 2036 567 2123 dogmatibus
586 2037 619 2102 et
637 2036 840 2121 scriptoribus
855 2041 887 2106 et
913 2039 1120 2107 missionariis
1141 2040 1307 2121 indefessa,
1325 2041 1358 2106 in

367 2164 493 2230 ruinam
502 2163 678 2230 vestrorum
694 2181 832 2230 errorum
857 2165 1018 2232 adlaboret
1031 2167 1165 2251 indeque
1181 2166 1356 2236 clarescat?

368 2283 403 2349 Si
423 2281 554 2348 cumeis
571 2281 717 2349 clamatis
739 2281 848 2367 quide
865 2280 944 2352 Jesu
965 2286 1127 2370 conquesti
1141 2285 1287 2353 dicebant
1301 2286 1331 2352 ei
1350 2307 1359 2353 ε

375 2399 501 2470 Venisti
514 2399 575 2468 buc
589 2405 668 2468 cate·
686 2403 808 2484 teinpus
822 2405 966 2485 torquere
978 2423 1037 2469 roos
1053 2402 1180 2487 (Matth.
1199 2404 1284 2486 VlIl,
1295 2403 1359 2489 29),

368 2543 431 2610 qua
444 2541 533 2609 prena
544 2523 632 2609 digni
647 2524 729 2605 sitis,
747 2524 821 2590 deta
839 2527 872 2590 in
896 2543 947 2592 eos
962 2525 1118 2593 adhristo
1131 2525 1270 2594 declarat
1285 2546 1358 2594 sen·

369 2647 480 2714 tentia.
491 2646 628 2712 Fallitur
639 2647 722 2712 certe
735 2646 877 2712 studium
892 2648 1031 2712 vestrum
1053 2647 1086 2713 in
1101 2647 1289 2716 Societatem
1304 2649 1359 2716 de·

365 2767 547 2836 bellandam
563 2789 571 2832 ε
587 2765 782 2850 impossibile
805 2768 863 2834 hoc
884 2767 1044 2834 tentantes
1060 2768 1181 2851 scitote,
1206 2771 1289 2854 quod
1307 2790 1361 2856 pro

398 3013 435 3082 (1)
447 3013 525 3069 Dixit
541 3012 668 3068 nimirum
689 3013 797 3081 Bibere,
816 3016 873 3070 loco
890 3015 934 3070 cit.
953 3025 984 3069 n0
1004 3015 1037 3072 20
1049 3034 1056 3069 ε
1069 3034 1082 3063 c
1097 3013 1271 3072 Gloriendnm
1282 3017 1361 3086 (esse)

364 3095 427 3151 huic
439 3092 598 3159 (Societati),
608 3091 678 3160 quod
691 3093 816 3147 Ecclesia
837 3093 993 3162 dogmatum
1006 3093 1084 3162 quasi
1101 3092 1186 3149 tutrix
1195 3096 1293 3162 future,
1308 3098 1361 3152 Lu·

273 3222 276 3228 .
366 3175 486 3230 theranis
497 3188 590 3238 coava,
604 3173 728 3242 paratum
749 3172 857 3228 luerita
874 3173 930 3228 Deo
954 3172 1079 3228 Ecclesia
1091 3173 1271 3242 pharmacum,
1292 3176 1362 3231 unde

367 3252 518 3322 viperinum
544 3248 687 3319 spumabat
698 3239 839 3308 venen‘um.
857 3250 1113 3318 novusquevdicatur
1132 3252 1271 3320 plantatus
1283 3254 1311 3307 in
1325 3253 1363 3307 le·

368 3332 426 3387 tina
445 3327 565 3384 Ecclesia
583 3327 716 3394 hortulus,
729 3329 799 3384 unde
817 3331 980 3384 senticosurn
1000 3329 1193 3398 segregabatur
1214 3335 1368 3400 vepretum.

366 3410 501 3467 Constans
510 3408 582 3462 enim
590 3407 644 3462 fuit
652 3407 772 3462 omnium
783 3409 970 3475 sensus,etiem
979 3407 1115 3478 pontificio
1127 3409 1299 3464 confirmatus
1308 3427 1365 3466 ore·

367 3488 432 3553 culo,
443 3487 539 3551 Deum,
551 3486 623 3540 sicut
633 3483 700 3539 alios
720 3485 781 3539 aliis
794 3487 959 3556 temporibus
972 3486 1167 3550 sanctosviros,
1188 3487 1227 3541 ite
1245 3489 1365 3545 Luthero

367 3564 540 3634 ejusdemque
551 3563 679 3630 temporis
690 3562 830 3629 haereticis,
841 3564 979 3632 Ignatium
990 3565 1018 3616 et
1026 3562 1184 3617 institutam
1194 3563 1229 3618 ab
1238 3581 1268 3620 eo
1279 3565 1364 3621 Socie-

369 3647 456 3699 tatem
476 3642 605 3712 objecisse
617 3641 705 3711 (Brev.
716 3641 827 3698 Praedic.
840 3642 869 3697 in
890 3642 955 3698 offic.
968 3642 994 3696 S.
1006 3641 1117 3711 lguat.).
1131 3641 1183 3697 Sed
1210 3643 1298 3712 glorie
1315 3645 1366 3701 hac

368 3721 483 3779 celebres
492 3719 609 3788 jesuitae
618 3719 708 3773 ceteri
719 3719 841 3787 religiosi
852 3735 905 3773 uon
915 3717 1063 3773 fatebimur
1074 3718 1179 3773 unicos:
1192 3735 1256 3773 nam
1267 3736 1298 3774 ex
1308 3721 1366 3776 siu·

369 3801 441 3873 gulis
453 3798 631 3854 numerabiles
642 3800 722 3853 emnt
733 3797 781 3866 qui
794 3798 903 3866 scriptis
921 3797 951 3851 in
968 3797 1105 3852 haereticos
1117 3797 1295 3864 decertarunt,
1318 3815 1366 3855 nec

369 3897 469 3942 norum
491 3880 534 3933 ert
545 3877 738 3932 Lutherauiea
755 3877 782 3934 S.
794 3877 824 3933 P.
842 3877 877 3934 N.
897 3876 1038 3932 Dominico
1059 3873 1197 3952 Gucmauo
1219 3876 1365 3933 haeredium

369 3958 579 4099 {iwanum
592 3955 702 4013 Ordinis
715 3972 792 4013 cese:
815 3971 912 4026 cepere
930 3955 1028 4024 cabrer
1039 3953 1088 4011 has
1107 3971 1168 4025 quea
1177 3953 1366 4014 demolientur

469 4056 504 4103 ‚e
533 4079 541 4094 .
