3124 5126
618 657 782 719 ..81-

201 829 271 898 lem
294 828 329 896 in
345 827 550 896 Sanctorum
571 823 679 910 cultu,
697 832 731 893 et
759 823 996 917 superstitiose
1021 823 1056 893 in
1083 823 1197 916 prima

202 961 315 1044 parte,
336 948 570 1022 aestimantem
585 947 751 1017 Sanctum
773 967 854 1016 eum
870 946 931 1038 qui
948 945 1035 1017 obiit
1053 947 1193 1041 impius;

203 1083 238 1143 et
255 1070 513 1155 inobedienter,
542 1089 612 1140 non
644 1069 856 1162 exspectatis
879 1068 924 1139 ad
946 1069 1014 1139 viri
1031 1069 1197 1162 pietatem

203 1193 401 1278 indubiam,
429 1192 595 1262 Ecclesiae
622 1191 831 1284 (specialiter
850 1190 895 1260 ad
922 1191 989 1260 hoc
1006 1211 1025 1260 a
1044 1192 1115 1262 Dec
1140 1190 1200 1261 di-

203 1313 320 1406 rectae)
341 1315 442 1408 praxi
460 1323 494 1386 et
510 1314 647 1405 legibus
668 1339 675 1382 :
696 1333 817 1384 errare
832 1311 1008 1382 Ruthenos
1023 1311 1145 1395 fatcor,
1166 1320 1200 1380 et

203 1437 323 1530 plures
340 1449 559 1530 exponentes
576 1439 730 1521 sanctos,
750 1458 899 1530 quorum
917 1445 1056 1506 nonest
1075 1434 1200 1528 explo-

204 1571 279 1630 rata
301 1569 353 1630 sat
380 1559 508 1654 pietas;
538 1571 573 1630 et
597 1559 842 1652 praetermissis
867 1558 911 1629 ad
943 1557 1200 1628 solemnitatem

202 1681 318 1752 cultus
335 1681 532 1754 habendam
547 1693 618 1752 tam
635 1682 758 1776 priscis
776 1702 880 1775 quam
898 1680 1096 1752 novissimis
1111 1677 1202 1770 legi-

207 1806 284 1875 bus.
313 1806 380 1876 Vix
410 1827 479 1876 non
506 1806 659 1877 derisam
682 1805 708 1876 ‘a
739 1805 993 1900 praenominato
1018 1803 1201 1894 Romiluga

205 1925 430 2020 Theophane,
460 1929 616 2021 archiep.
635 1915 962 2020 'Novogorodiensi
990 1934 1202 2020 praesentem

204 2049 242 2118 in
268 2050 409 2120 Rittium
430 2049 705 2144 congregatione
722 2050 859 2143 praxim
873 2069 1061 2124 vromanam
1080 2049 1115 2118 in
1138 2069 1202 2118 ca-

205 2175 413 2246 nonizandis
431 2177 578 2262 Sanctis,
601 2196 671 2245 non
691 2174 798 2244 semel
817 2172 911 2266 apud
926 2173 1040 2266 ipsum
1054 2191 1202 2242 convcr-

207 2309 304 2370 satus
322 2299 483 2370 sustinui.
506 2297 579 2384 Cui,
598 2297 767 2391 permissa
794 2297 861 2366 sibi
878 2317 980 2388 aequa
998 2297 1060 2366 Dei
1075 2313 1202 2368 versus

207 2424 398 2494 Ecclesiam
419 2422 664 2516 particularem
691 2419 883 2491 assistentia
907 2441 970 2513 pro
1001 2418 1203 2490 Graecorum

207 2559 266 2620 aut
307 2547 548 2620 Ruthencrum
587 2544 815 2616 colendorum
853 2543 990 2636 pietatis
1021 2543 1200 2628 examine,

203 2693 286 2743 cum
315 2669 514 2741 exactiores
538 2667 651 2739 Curiae
681 2688 837 2739 romanae
860 2687 1041 2760 processus
1063 2664 1109 2736 ad
1126 2663 1205 2735 evi-

207 2792 461 2887 tandaspopuli
476 2793 550 2886 pias
569 2790 708 2862 lraudes
730 2791 945 2880 objicerem:
967 2791 1204 2883 potiusquam

208 2927 440 2990 sustentatum
473 2938 547 2988 suae
573 2915 740 2986 Ecclesiae
766 2915 886 2998 ritum,
908 2913 971 2983 vix
989 2935 1058 2984 non
1077 2913 1121 2984 ab
1139 2932 1205 2982 ec-

209 3043 291 3114 dem
317 3061 455 3136 quoque
482 3050 705 3132 aspernatum
724 3036 886 3122 audiens,
908 3037 957 3107 nil
977 3036 1097 3131 accepi
1111 3032 1206 3129 quod

209 3185 271 3259 pro
287 3163 418 3235 tuenda
433 3163 673 3232 Ruthenorum
692 3160 882 3232 devotione
900 3161 1086 3230 referrem.

258 3289 426 3361 Miracula
443 3289 545 3381 plura
572 3286 718 3378 (fictioni
736 3296 772 3357 et
792 3285 991 3358 credulitati
1010 3283 1210 3356 tribuendis

212 3435 281 3484 non
306 3410 436 3506 paucis)
459 3420 594 3504 patrata
613 3410 704 3481 inter
728 3409 920 3494 RuthenOS,
939 3407 1061 3501 quidni
1083 3407 1206 3490 fatear,

213 3553 294 3627 quae
309 3555 422 3626 neque
438 3533 618 3608 schismati
629 3533 750 3618 robur,
768 3553 833 3603 nec
846 3552 887 3602 ea
901 3529 1121 3624 operantium
1134 3526 1211 3598 vir-

215 3656 280 3727 tuti
299 3653 403 3726 fidem
420 3655 607 3746 adjiciant?
624 3655 755 3727 Eadem
769 3656 914 3727 Graecus
932 3652 1095 3724 Nicolaus
1109 3646 1210 3718 Com-

214 3810 326 3861 nenus
344 3789 518 3862 Photianis
547 3810 617 3860 non
644 3799 749 3881 negat
774 3789 957 3882 (Respous.
987 3785 1023 3870 l,
1049 3781 1208 3874 scoth),

216 3913 460 3986 continuandis
479 3911 601 4009 pretiis
619 3911 727 4010 pratis
745 3910 834 3982 datis
852 3911 889 3981 in
913 3909 1062 3995 Graecia,
1082 3903 1213 3979 tuenda

215 4039 339 4112 saltem
363 4037 408 4109 ab
433 4037 651 4131 opprimente
667 4035 862 4109 Mahmcdis
887 4035 1077 4130 impietate,
1107 4053 1212 4128 quam
