3124 5126
780 558 949 620 ...52-

366 723 468 794 mittit
488 719 708 817 (regulariter
720 724 770 795 eis
787 739 856 795 nou
876 723 1087 826 displicens),
1108 725 1226 796 rituali
1241 747 1363 820 graeca

367 849 566 943 prudentia.

417 971 578 1064 Antiquis
600 961 766 1042 Ruthenis
790 970 912 1042 vinum
931 970 1140 1062 'infrequens
1157 968 1260 1062 (sicut
1283 988 1365 1044 cum

353 1075 498 1163 ¹eute'ris
515 1094 778 1176 commercium,
801 1103 972 1186 potusque
988 1093 1077 1162 alius
1097 1111 1118 1162 a
1133 1093 1247 1164 ‘succis
1265 1094 1364 1165 Mos-

358 1203 523 1284 ¹coviticis
544 1215 648 1308 :pica
674 1216 859 1302 cerevisia,
881 1211 1002 1285 meotis·
1022 1213 1242 1308 hydromele,
1266 1225 1364 1310 quode

366 1352 456 1426 aqua
492 1357 569 1404 cum
603 1336 741 1407 modico
765 1337 1073 1422 'larinaejdecoutm
1104 1332 1207 1406 corita
1240 1316 1363 1428 spiritu

253 1507 257 1523 ,
365 1460 529 1529 frumenti
554 1459 711 1528 distillari
739 1470 774 1529 et
795 1461 903 1550 aliis);
926 1479 989 1529 nec
1007 1459 1098 1529 aliud
1119 1469 1240 1529 notum
1261 1459 1363 1552 (sicut

365 1603 449 1651 mox
463 1583 653 1674 conjiciam]
679 1603 784 1673 quam
805 1584 963 1666 rubrum,
984 1603 1030 1653 ex
1051 1583 1229 1665 Valachia,
1260 1583 1362 1652 sicuti

365 1693 552 1776 advehitur
569 1705 696 1788 adhuc,
709 1707 803 1776 ‘torte
819 1702 1022 1776 deductum.
1042 1703 1169 1775 Vinum
1187 1714 1290 1776 extra
1305 1707 1360 1776 sta·-

364 1847 462 1896 crum
491 1825 696 1898 sacrificium
728 1849 831 1896 nemo
860 1825 1018 1896 sumebat
1048 1825 1093 1896 ad
1113 1847 1212 1896 usum
1232 1852 1241 1898 :
1263 1829 1362 1918 quasi

365 1953 462 2053 nerias
478 1951 671 2042 judicasset
685 1951 899 2044 simplicitas,
928 1951 964 2020 in
989 1950 1152 2020 festivum
1182 1951 1359 2043 poculum,

366 2072 520 2166 indeque
541 2073 575 2142 in
590 2067 966 2166 crapulam,·applicari
984 2073 1163 2142 materiam
1182 2084 1298 2166 aptam
1314 2071 1361 2144 ed

364 2194 492 2266 Christi
509 2198 736 2289 sanguinem3
759 2198 912 2268 maxime
931 2198 1086 2290 inspecto
1111 2198 1217 2266 etiam
1244 2198 1361 2270 colore

342 2364 345 2370 ·
365 2318 442 2412 ipso
460 2319 579 2404 rubro,
601 2343 669 2412 quo
687 2331 820 2390 tantum
840 2331 984 2390 utuntur
999 2320 1033 2388 tn
1052 2319 1240 2405 sacrificio,
1258 2321 1361 2414 quasi

364 2439 409 2509 ad
439 2439 707 2532 significandum
742 2443 948 2533 sanguinem
979 2441 1253 2533 congruentiori.
1288 2443 1361 2514 Nec

363 2566 463 2657 panis
477 2567 692 2657 exemplum,
713 2565 822 2634 veluti
837 2565 994 2657 vulgaris
1010 2565 1166 2634 alimenti
1182 2575 1285 2634 extra
1298 2586 1361 2636 se*

363 2701 592 2770 mamertium,
613 2707 673 2757 eos
686 2687 870 2770 edocebat,
889 2699 925 2757 nt
939 2688 1101 2757 similiter
1116 2687 1236 2757 vinu'm
1253 2685 1360 2758 bihe-

363 2818 441 2878 rent
463 2809 572 2900 :quia
592 2810 731 2892 raritas,
750 2809 916 2900 pretium,
939 2820 974 2878 et
992 2809 1109 2878 nullus
1126 2819 1229 2878 antea
1258 2829 1378 2894 naue,

361 2930 796 3023 specialius'ieservubant
816 2933 951 3016 vinum,
977 2933 1054 3004 usui
1084 2931 1262 3002 communi
1290 2949 1374 3000 uon‘

361 3054 623 3149 applicandum.
655 3055 800 3124 Devenit
830 3053 971 3123 aliunde
999 3077 1061 3148 per
1092 3065 1304 3125 mercatores
1323 3055 1359 3124 in

362 3165 576 3268 Archangeli
596 3189 732 3270 portum
759 3177 882 3246 vinum
900 3177 1039 3261 album;
1064 3175 1182 3269 quoad
1207 3187 1357 3247 extero-

357 3321 439 3370 rum
465 3301 666 3392 exemplum
695 3311 877 3370 uterentur
904 3299 949 3370 ad
981 3299 1287 3394 potum‚,minime
1312 3271 1358 3368 ad

362 3420 586 3508 sacrificium.
609 3423 680 3492 Nec
697 3445 822 3493 numen
837 3424 910 3492 vini
926 3424 959 3494 ei
982 3423 1103 3494 datum
1120 3434 1183 3506 est,
1201 3443 1270 3516 quo
1288 3440 1356 3491 vo-

354 3545 508 3614 cabamr
541 3545 709 3628 rubrum;
751 3545 814 3616 sed
849 3545 976 3628 reneio,
1009 3547 1094 3639 ‘quia
1119 3545 1358 3639 'tderivatione

356 3666 523 3759 ruthena)
555 3667 605 3736 sic
632 3669 841 3761 appelaruut
876 3669 1083 3752 rhenanum,
1119 3668 1202 3760 quia
1232 3667 1357 3736 riuum

251 3813 252 3816 ¹
354 3791 492 3860 <futter
511 3781 646 3878 Rhene,
666 3778 768 3864 sicdti
794 3794 979 3888 hispanum
1005 3791 1355 3888 vocassentuparrslco,
1414 3779 1420 3790 ’

354 3913 517 4020 italicum
545 3915 678 4002 itctslrtr,
710 3910 778 3990 etc.
812 3919 905 4012 quod
936 3936 1063 3990 nomen
1087 3916 1215 3988 ‘rcrrslra
1235 3923 1357 3987 'servat
