3124 5126
611 634 652 655 -
672 597 806 669 libs-⁶0

212 749 320 860 sacris
336 793 464 878 praeter
493 784 700 866 hebraicam,
716 807 866 878 graecam
884 798 919 856 et
938 787 1088 857 latinam.
1108 787 1197 877 Qui-

212 912 278 982 bus
296 906 487 1001 reponebat
505 905 758 991 Constantinus
776 930 813 978 se
830 909 952 978 multas
964 929 1063 978 nosse
1079 921 1200 1002 gentes

212 1034 272 1127 qui
291 1033 397 1100 Deum
422 1027 564 1099 laudant
578 1049 640 1100 sua
658 1051 808 1121 quaeque
827 1030 960 1120 lingua,
983 1051 1108 1124 nempe
1127 1034 1198 1102 Ar-

212 1175 346 1234 menos,
367 1152 499 1230 Iberos,
514 1149 656 1236 Gothos,
676 1149 864 1230 Klrazaros,
891 1150 1040 1237 AraboS,
1068 1155 1199 1248 AEgyp-

214 1278 293 1359 tios,
314 1277 424 1367 Syros·
439 1275 607 1366 aliosque.

262 1402 391 1480 Romae,
413 1417 482 1488 quo
500 1395 664 1488 reliquias
678 1396 712 1464 S.
731 1395 916 1466 Clementis
927 1419 1045 1468 secum
1060 1397 1198 1480 adtulit,

214 1519 258 1591 ab
273 1521 447 1592 Hadriano
459 1519 486 1586 ll
503 1514 756 1609 perhonorifice
771 1531 939 1609 exceptus
952 1534 1004 1589 est
1016 1518 1062 1610 (C.
1077 1529 1111 1589 et
1124 1519 1196 1610 illl.

214 1646 290 1716 Imo
319 1643 428 1712 voluit
457 1639 666 1732 apostolicus
695 1637 754 1730 (ita
785 1653 932 1710 venatur
963 1638 1064 1734 papa)
1096 1643 1204 1712 libros
1306 1719 1309 1734 ,

214 1768 409 1838 slovenicos
420 1766 454 1832 in
467 1761 613 1832 eeclesia
624 1763 657 1832 S.
675 1739 795 1833 Mariae
810 1763 853 1832 ad
869 1776 1024 1857 praesepe
1043 1765 1203 1860 (Phatne)

152 1913 155 1922 ·
218 1890 345 1982 deponi
364 1900 398 1957 et
419 1907 524 1977 super
544 1907 604 1955 eos
620 1889 900 1960 sacramoantari
919 1889 1107 1979 liturgiam,
1139 1911 1204 1961 nso

215 2033 282 2082 non
300 2023 335 2080 et
364 2009 551 2099 discipulos
578 2009 789 2078 Constantini
809 2032 869 2102 per
902 2011 989 2109 duos
1006 2013 1199 2104 episcopm,

216 2133 417 2202 Formosum
433 2141 468 2199 et
485 2128 729 2213 Gaudericnm,
742 2129 896 2200 ordinari
923 2132 1001 2214 Qut,
1020 2143 1203 2224 postquam

217 2253 408 2325 consecrati
433 2263 526 2336 sunt,
548 2249 639 2320 illico
658 2248 831 2341 liturgiam
850 2251 1062 2328 slavonicam
1079 2263 1203 2324 canta-

215 2391 295 2450 runt
325 2380 438 2471 primo
468 2377 503 2444 in
532 2375 682 2444 ¹ecelesia
708 2376 742 2444 S.
766 2376 871 2457 Petri,
891 2375 1016 2446 diebus
1045 2397 1130 2446 vero
1152 2400 1204 2448 ss-

217 2502 404 2595 quentibus
422 2501 456 2570 in
473 2499 617 2570 ecclesia
633 2500 667 2568 S.
692 2499 903 2584 Petronillae,
925 2502 958 2570 S.
986 2499 1152 2586 Andrsae,
1169 2513 1205 2573 et

217 2627 398 2716 iumagus
417 2622 561 2695 eeclesia
587 2619 624 2693 S.
647 2622 740 2692 Pauli
769 2623 928 2714 apostoli,
957 2623 1205 2696 adsistentibus

216 2747 407 2820 Athanasio
440 2746 603 2838 episcopo
643 2755 679 2814 et
708 2745 892 2818 Anastasio
920 2743 1195 2820 bibliothecario.
1222 2749 1225 2754 '

216 2873 293 2942 lllox
326 2878 441 2938 tamen
469 2870 503 2938 in
537 2870 695 2940 morbum
719 2869 841 2938 incidit
865 2868 1121 2955 Constantinus,
1140 2893 1201 2944 as-

215 2991 607 3085 sumptoqueschemate
622 2991 902 3060 monasticooum
915 2992 1055 3062 nomine
1070 2993 1202 3084 Cyrilli,

215 3114 370 3208 piissime
384 3113 468 3184 obiit
483 3114 615 3188 Romae.
636 3112 694 3182 die
714 3111 758 3180 ll
776 3109 956 3194 februarii,
973 3131 1066 3182 anno
1084 3112 1205 3183 salutis

217 3237 302 3320 869,
323 3236 434 3306 aetatis
464 3254 538 3304 suae
568 3231 685 3328 tale).
705 3231 812 3322 Cujus
838 3253 963 3325 corpus
988 3231 1204 3302 reconditum

219 3361 284 3431 luit
300 3360 335 3429 in
358 3360 503 3430 ecclesia
523 3356 560 3430 S.
580 3357 781 3441 Clementis,
797 3355 841 3428 ad
856 3355 1042 3429 dexteram
1070 3366 1204 3448 partem

216 3485 348 3568 altaris,
364 3483 550 3576 multisque
568 3481 746 3552 miraculis
772 3481 935 3557 inclaruit
950 3507 957 3566 ;
977 3479 1105 3574 quibus
1122 3480 1204 3552 visis

215 3606 327 3698 magis
352 3627 432 3676 eum
460 3606 630 3690 venerari,
650 3615 686 3674 et
710 3603 862 3695 imagine
889 3603 964 3694 ejus
981 3604 1071 3697 pieta
1100 3621 1205 3696 super

214 3733 436 3826 sepulchrum
466 3733 596 3804 lumina
617 3731 811 3802 accendere
829 3739 1012 3822 ooeperunt
1043 3730 1200 3818 Romani,

215 3855 396 3926 laudantes
422 3856 529 3926 Deum
558 3855 617 3949 qui
635 3852 871 3948 glorificantes
888 3871 925 3921 se
954 3848 1125 3941 glorificat
1142 3852 1202 3923 vi-

214 3980 329 4052 olssim
348 3978 412 4073 (C).
