3124 5126
643 639 803 702 47..

222 807 327 914 cujus
338 826 445 876 sexus
461 807 601 879 futurus
625 799 692 876 non
723 807 829 880 estin
855 806 1026 880 electione
1043 811 1149 902 patris
1164 810 1217 880 vel

223 932 368 1002 matris?
383 931 455 1000 Nec
473 929 611 1000 sufferri
629 941 782 1014 meretur
801 929 986 1022 stupiditas
1009 932 1214 1010 dicentium.

222 1055 317 1148 quod
336 1057 427 1148 Papa
445 1056 490 1125 ad
508 1055 589 1124 talia
607 1054 826 1124 matrimonia
843 1053 1101 1147 dispensaverit
1120 1083 1127 1126 :
1148 1077 1219 1128 ma·

220 1181 293 1250 lum
311 1181 404 1250 enim
421 1179 516 1272 quod
530 1189 583 1250 est
602 1200 649 1248 ex
666 1199 716 1260 se,
738 1178 858 1270 nequit
873 1179 964 1270 Papa
982 1179 1114 1251 licitum
1130 1179 1217 1251 red·
1269 1221 1270 1226 =

220 1302 318 1374 dere.
339 1302 559 1374 Matrimonia
581 1302 637 1371 illa
664 1320 741 1373 esse
772 1301 887 1401 valida
906 1300 1046 1372 decidet
1074 1303 1188 1396 quivis
1206 1332 1214 1388 ;

221 1426 316 1495 licita
331 1445 433 1495 nemo
448 1423 554 1508 dicet,
570 1425 631 1515 qui
644 1423 767 1494 saltem
782 1425 902 1494 vocari
916 1423 1000 1494 velit
1017 1424 1210 1514 theologus.

607 2040 746 2106 CAPUT
765 2041 825 2106 1Χ.

220 2340 464 2414 Matrimonium
503 2341 636 2414 dubium
672 2340 815 2526 pulleni
845 2339 971 2434 bigami
1002 2359 1074 2412 cum
1107 2337 1218 2412 solnta

525 2487 528 2493 ·
632 2453 809 2527 scholica.

270 2767 375 2836 Juxta
391 2765 497 2852 dicta,
519 2767 682 2840 notabilis
700 2789 784 2840 ecce
802 2788 915 2850 casce,
941 2763 986 2836 ad
1011 2784 1117 2855 quem
1135 2763 1217 2833 Μο-

219 2913 314 2963 scuae
331 2892 380 2961 lui
397 2893 576 2963 consultus
593 2920 600 2962 :
622 2915 668 2963 ex
685 2892 924 2965 Ruthenorum
940 2889 1039 2983 praxi
1055 2890 1215 2958 inconse-

219 3027 368 3109 quenter
384 3015 522 3088 decisus
539 3013 584 3086 ab
600 3015 698 3109 ipsis,
710 3037 751 3086 ex
764 3013 1016 3086 catholicorum
1031 3010 1213 3105 principiis

218 3159 284 3210 nec
294 3139 476 3210 minimum
487 3138 626 3210 dubius.
646 3135 1210 3220 Titius,nobilissimusRuthenuS‚

218 3259 399 3354 repudiata
434 3281 545 3332 uxore
574 3260 732 3332 adultera
764 3259 983 3351 solemnique
1014 3255 1147 3349 judicio
1178 3257 1214 3325 in

218 3385 427 3453 monasterio
448 3383 594 3468 inclusa,
615 3383 727 3454 abivit
753 3404 800 3454 ex
828 3381 961 3452 Russia.
984 3378 1110 3450 Procul
1128 3377 1212 3448 inde

216 3503 364 3592 Remum,
383 3506 504 3576 ltalam
531 3506 749 3590 catholicam,
772 3526 891 3576 amore
909 3513 1042 3598 captus,
1062 3500 1213 3574 liberam

217 3647 260 3696 ac
274 3628 549 3700 consentientem
566 3627 634 3700 sibi
651 3628 829 3720 copulavit
847 3647 1007 3698 uxorem.
1031 3624 1097 3694 lsle
1118 3625 1214 3696 bona

217 3748 288 3822 lide
318 3751 407 3842 (suae
437 3751 603 3824 Ecclesiae
631 3753 739 3844 more)
769 3750 944 3843 judicavit
976 3770 1014 3821 se
1045 3746 1209 3818 liberum.

218 3877 374 3962 Femina,
396 3875 577 3962 malebat,
601 3898 666 3947 nec
689 3876 817 3948 minori
830 3873 1006 3946 consensit
1028 3873 1063 3943 in
1091 3872 1214 3946 matri-

218 4001 385 4074 monium.
421 4001 546 4073 Redux
575 4012 704 4094 nuptus
735 4000 792 4071 hic
823 3999 1005 4070 Ruthenus
1036 3999 1214 4069 incautam
