3124 5126
617 706 777 765 ..87-

206 878 313 941 tutem
339 868 385 941 ad
407 890 449 941 ea
477 870 542 941 sub
573 882 716 964 peccato
743 871 930 943 indicenda
952 873 1200 958 communiter,

205 991 389 1062 traditione
402 985 589 1084 apostolica
602 994 696 1063 omui
707 993 1202 1066 saeculocontinuatam.Hanc

202 1113 348 1185 credere
377 1114 566 1200 Ruthenos,
595 1126 630 1186 et
658 1138 738 1187 cum
764 1116 894 1188 Graecis
920 1115 1055 1206 jejunia
1084 1108 1201 1189 annua

202 1247 376 1332 praecepta
394 1238 595 1330 persolvere
608 1237 776 1319 diximus,
799 1248 836 1306 et
856 1237 923 1308 alia
938 1238 1070 1308 ibidem
1090 1241 1202 1312 fusius

88 1425 90 1430 .
199 1359 423 1452 requirenda.
456 1361 493 1429 ln
519 1359 679 1431 doctrina
705 1359 749 1430 de
768 1357 839 1429 fide
863 1359 990 1432 tradita
1018 1361 1209 1454 obligandi

198 1491 374 1577 praecepta
399 1483 531 1575 jejunia
547 1485 697 1555 Rutheni
714 1496 750 1554 et
768 1483 881 1554 Graeci
899 1483 1078 1556 nobiscum
1107 1508 1198 1572 cou-

198 1609 357 1694 veniuut;
370 1609 406 1679 in
420 1609 600 1704 disciplina
618 1620 652 1680 et
666 1610 881 1702 jejuniorum
900 1609 1195 1702 prandiderunt,

197 1731 278 1822 quia
297 1730 398 1802 valde
416 1733 558 1803 Latinos
583 1731 774 1814 excedunt,
795 1752 865 1802 non
897 1741 1030 1802 tantum
1060 1731 1096 1800 in
1128 1754 1197 1801 nu-

196 1872 307 1938 mero,
327 1853 545 1948 quantumin
564 1855 776 1926 abstinentia
793 1853 963 1950 rigidiori.

118 2029 120 2032 -
245 1976 430 2050 Abstinent
446 2000 509 2072 per
531 2000 662 2050 annum
680 1977 734 2050 bis
752 1979 788 2050 in
803 1977 1041 2062 hebdomada,
1058 1976 1146 2048 feria
1165 1999 1196 2045 rr

194 2110 230 2170 et
245 2123 294 2186 vr,
315 2123 335 2171 a
352 2101 531 2184 carnibus,
553 2103 766 2196 prohibitum
785 2103 944 2173 dicentes
966 2102 1032 2172 sibi
1051 2123 1128 2172 esse
1139 2101 1198 2191 je-

191 2223 327 2314 junium
341 2224 479 2297 sabbati
498 2227 640 2320 (praeter
656 2227 842 2298 sabbatum
861 2227 1031 2318 sanctum)
1048 2248 1095 2297 ex
1110 2247 1189 2298 can.

192 2358 304 2439 apost.
320 2358 356 2418 et
373 2347 511 2442 synodo
524 2350 751 2442 quini-sexta.
770 2351 927 2420 Natalem
943 2350 1079 2420 Domini
1095 2348 1190 2420 diem

193 2465 238 2538 to
254 2467 377 2540 diebus
383 2470 584 2562 jejunantes
599 2472 837 2564 praeveniunt,
848 2493 914 2542 nec
928 2472 1041 2564 pisces
1056 2471 1193 2563 perlec-

190 2598 257 2675 tos,
284 2613 350 2664 nec
367 2593 545 2665 lacticinia
568 2605 761 2678 sumentes,
779 2606 1017 2696 praeterquam
1033 2593 1193 2666 sabbatis

188 2725 225 2786 et
237 2713 550 2788 dominiciszsicuti
562 2718 657 2790 diem
672 2719 945 2788 emortualemB.
957 2717 1113 2810 Virginis
1125 2717 1189 2787 XV

189 2841 336 2930 augusti,
364 2840 458 2913 adie
483 2843 613 2912 mensis
635 2842 793 2932 ejusdem
824 2843 955 2936 prima;
984 2842 1187 2935 vigiliisque

187 2959 324 3032 diurnis
337 2963 455 3034 colunt
469 2965 543 3034 sola
557 2963 628 3034 duo
644 2963 747 3048 festa,
763 2963 1005 3034 decollationis
1021 2965 1188 3058 Baptistae

186 3091 222 3151 et
239 3082 471 3156 Exaltationis
488 3086 523 3154 S.
541 3086 671 3156 Crucis.
693 3087 786 3158 Ante
799 3084 1184 3178 festumnpostotorum

185 3204 278 3278 Petri
309 3218 344 3278 et
378 3210 488 3296 Pauli,
521 3210 664 3281 XXVlll
690 3211 794 3302 Juuil,
826 3209 959 3303 jejunia
983 3211 1184 3304 praescribit

184 3326 384 3401 solemnitas
401 3331 644 3418 Pentecostes3
665 3354 686 3404 a
714 3333 813 3422 cujus
839 3315 898 3402 die
915 3342 1039 3402 octava
1066 3331 1181 3402 absti-

184 3470 270 3522 nere
299 3453 483 3549 incipiunt,
514 3465 761 3541 memorantes,
790 3456 925 3546 jejunio
957 3455 1183 3550 praecedente

184 3575 307 3646 missos
334 3575 537 3671 Apostolos;
558 3580 671 3650 licitos
695 3579 865 3650 ducentes
894 3578 939 3650 ad
954 3601 1051 3650 esum
1069 3579 1184 3671 pisces

95 3781 98 3790 ¹
183 3697 258 3768 sine
291 3699 486 3773 lacticiniis
517 3702 709 3772 Maximum
728 3702 901 3793 jejunium
937 3713 1018 3772 aute
1047 3698 1182 3771 Pascha
1227 3685 1228 3690 ¹

183 3822 502 3916 quadragenarium
521 3824 659 3896 dierum
676 3827 879 3897 esurialium
899 3834 1098 3910 numerant,
1118 3844 1180 3896 ce-

183 3941 352 4017 lebraturi
370 3947 502 4018 Pascha
516 3957 592 4040 post
611 3949 760 4042 primum
783 3929 1012 4042 plenilunium
1030 3968 1181 4041 sequens

183 4067 277 4139 veris
302 4068 568 4162 aequinoxium:
590 4070 683 4142 uude
705 4090 773 4141 nou
793 4080 933 4165 recepta
963 4069 1179 4141 correctione
