3124 5126
776 603 962 666 -lttt-

378 787 608 862 continerent,
624 781 743 860 inveni
768 781 934 871 imagines
967 780 1129 851 exhiberi
1156 781 1368 876 Archangeli

381 909 551 980 Gabrielis
578 906 814 976 Beatissimam
845 905 1020 996 Virginem
1052 905 1262 978 salutantis:
1295 903 1373 978 dies

381 1029 553 1124 siquidem
572 1033 617 1098 43
632 1030 680 1119 (n.
696 1039 738 1098 st.
759 1027 816 1118 dl)
827 1027 904 1116 julii
925 1040 1012 1109 erat,
1043 1026 1192 1098 rutheno
1205 1025 1370 1098 kalenda·

386 1156 450 1236 ric,
469 1155 573 1223 Beato
602 1151 823 1240 archangelo
836 1171 949 1232 sacra,
966 1151 1030 1220 suh
1046 1151 1209 1243 auspiciis
1227 1173 1367 1245 quoque

382 1278 469 1348 hev.
489 1287 523 1346 et
553 1274 685 1345 Illustr.
702 1271 875 1342 Gabrielis
901 1272 1087 1364 Ruginelri,
1117 1273 1369 1368 archiepiscopi

385 1396 603 1468 Riazanensis
623 1406 707 1476 etc,
741 1391 899 1464 habenda
919 1393 1149 1488 philosophiae
1168 1395 1368 1487 disputatio.
1408 1399 1413 1408 '

384 1518 498 1602 Quare
516 1517 706 1586 consultius
720 1495 928 1584 concurrere
943 1517 1059 1599 statui,
1074 1515 1266 1609 utpublice
1287 1490 1371 1587 vin-

383 1639 536 1711 dicarem
555 1639 719 1710 offensam
755 1659 858 1730 quam
876 1639 1001 1708 nudius
1025 1652 1170 1731 quartus
1189 1661 1373 1712 necncve-

385 1783 472 1832 ram.
488 1762 629 1832 Occulte
650 1762 753 1852 igitur
768 1761 1039 1854 praecedentium
1070 1765 1220 1834 thesium
1250 1785 1371 1834 exem·

384 1888 492 1981 plania
522 1888 555 1954 in
586 1887 663 1955 sinu
690 1885 862 1968 deserens,
893 1909 1010 1956 rursus
1040 1887 1073 1956 in
1110 1889 1283 1958 theatrum
1314 1910 1371 1960 me

384 2011 527 2093 contuli,
554 2008 612 2078 uhi
630 2029 670 2078 ea
691 2010 907 2101 projecturus
922 2011 1155 2104 relinquerem
1169 2033 1248 2103 quae
1277 2014 1374 2085 illinc

378 2113 582 2225 ¹ignoranter
610 2153 821 2224 receperam.
842 2171 892 2186 -
908 2123 1049 2204 Tradita
1085 2134 1238 2217 tandem,
1257 2156 1299 2205 ea
1316 2136 1375 2208 dic

382 2255 681 2350 queofferebatur
697 2267 732 2324 ut
750 2257 1004 2348 impugnarem,
1033 2257 1267 2349 undequaque
1285 2279 1376 2330 exa-

290 2361 292 2364 ⁵
382 2382 531 2462 minans,
559 2379 788 2468 omnibusque
807 2378 957 2447 notanda
972 2401 1053 2449 cura
1071 2380 1367 2472 circumspiciens,

382 2490 615 2598 praecedentia
642 2521 703 2571 suo
723 2513 915 2594 temporee
938 2501 1004 2574 suh
1022 2505 1195 2597 scapulari
1218 2505 1372 2577 eductu-

382 2649 455 2710 rus,
485 2625 663 2716 sequentia
696 2624 823 2716 protuli
848 2650 864 2694 :.

434 2776 453 2812 a
479 2747 686 2816 Veneranda
716 2747 799 2815 mihi
834 2748 910 2817 haec
945 2747 1105 2816 thesium·
1128 2747 1360 2836 exemplaria,

380 2869 522 2962 prolana
539 2869 617 2951 ersi,
637 2889 706 2959 qua
731 2866 980 2960 philosophica,
1001 2868 1188 2938 sacerrima
1223 2889 1270 2936 ex
1288 2889 1371 2940 aus-

377 2991 475 3084 piciis
504 2991 602 3060 icone
626 2991 919 3082 superexpressis‚
936 2991 1087 3062 coelestis
1119 3011 1139 3060 a
1175 2991 1244 3060 Deo
1275 2991 1372 3064 missi

377 3112 490 3182 nuntii
512 3111 681 3182 Gabrielis
716 3112 891 3183 ineffabile
914 3114 1174 3206 Redemptionis
1201 3113 1370 3186 human'ae

376 3235 579 3328 mysterium
609 3234 834 3326 divinamque
858 3235 1111 3306 Maternitatem
1141 3233 1204 3306 SS.
1236 3235 1369 3326 Virgini

384 3359 597 3429 revelantis:
621 3379 748 3428 nomen
774 3363 915 3452 quoque
938 3357 1211 3451 praesidiumque
1228 3357 1359 3430 Illustr.

377 3492 413 3553 et
461 3483 545 3552 Rev.
572 3483 612 3552 D.
644 3481 824 3568 Gabrielis,
857 3483 1011 3575 archiep.
1042 3482 1263 3552 Riazanensis
1297 3491 1365 3552 etc.

379 3625 452 3696 prae
474 3625 511 3674 se
544 3606 689 3674 ferentia
721 3607 815 3675 omni
842 3625 888 3674 ax
919 3617 1017 3697 parte
1034 3604 1223 3694 recognita,
1251 3605 1370 3697 nilque

380 3727 465 3798 mihi
479 3727 740 3799 nuncnlendum
756 3729 1003 3822 exprimentia,
1015 3728 1157 3821 recipio,
1172 3729 1370 3820 pariterque

380 3847 559 3921 vobiscum
584 3853 773 3945 amplector
787 3871 827 3921 ac
845 3849 1014 3920 catholica
1031 3831 1240 3920 adoratione·
1259 3848 1368 3920 deos-

381 3974 490 4044 culor.
570 4013 578 4023 -
831 3967 840 3988 '
