3172 5130
793 629 969 694 -162-

377 807 563 901 admittere
588 810 771 903 sexaginta
797 831 843 880 ex
869 809 937 880 illis
962 809 1155 881 canonibus
1173 811 1240 904 (ep.
1263 814 1298 896 l,
1325 811 1372 883 ad

378 936 486 1029 episc.
507 936 663 1028 Sieiliael3
683 936 830 1006 Leonem
850 935 899 1005 IX
924 935 1080 1028 recipere
1099 936 1145 1004 50
1163 938 1299 1024 (contra
1312 958 1368 1030 ep.

378 1060 489 1130 Niceti
518 1061 675 1152 abbat),
710 1074 744 1130 et
782 1059 953 1155 synodum
987 1059 1186 1130 Trullanam
1217 1059 1273 1152 (de
1303 1081 1371 1154 qua

379 1183 507 1276 postea)
524 1183 736 1276 approbasse
750 1183 904 1274 integros
915 1185 975 1268 85,
990 1183 1148 1253 nonnihil
1163 1185 1372 1255 reverentiae

378 1307 433 1396 (ue
457 1305 570 1374 dicam
604 1306 829 1398 auctoritatis)
860 1306 926 1375 illis
946 1306 1183 1400 praestandum
1213 1318 1285 1390 est;
1309 1327 1373 1376 nec

378 1428 592 1518 negandum,
619 1433 747 1516 plures
773 1450 892 1500 eorum
923 1429 1094 1521 [omnium
1124 1429 1224 1521 plene
1255 1429 1373 1520 ignota

378 1551 523 1643 origine)
547 1551 681 1643 praxim
704 1551 879 1643 regulasse
897 1551 1082 1643 primitivae
1103 1550 1284 1635 Ecclesiae,
1300 1552 1374 1620 tali-

378 1685 501 1765 terque
531 1673 721 1742 absurdum
751 1674 863 1742 visum
894 1674 1000 1743 fuisse
1033 1673 1205 1764 jejunium
1235 1673 1372 1745 sabbati

315 1799 316 1806 ’
379 1797 470 1864 inter
491 1795 691 1878 orientales,
711 1809 746 1866 ut
770 1796 921 1886 ignatius
946 1798 1078 1888 llartyr
1105 1800 1372 1884 interfectorem

385 1917 516 1987 Christi
533 1917 761 2008 appellaverit
781 1917 997 2008 jejunantem
1016 1917 1050 1986 in
1080 1918 1225 1988 sabbato
1243 1917 1308 2009 (ep.
1327 1917 1372 1987 ad

380 2039 625 2134 Philadelphi.

388 2225 397 2254 ,
435 2163 616 2246 Similiter,
636 2184 683 2231 ex
702 2161 893 2254 primorum
911 2160 1118 2240 saeculorum
1131 2160 1204 2250 jam
1221 2183 1294 2242 usu,
1315 2163 1372 2231 le-

381 2295 496 2386 gimus
511 2288 682 2380 jejunium
711 2283 848 2354 sabbati
868 2285 902 2352 in
926 2284 1115 2353 Ecclesiam
1134 2266 1381 2380 introductum,
1401 2341 1404 2348 .

380 2409 414 2485 et
442 2437 461 2483 a
494 2412 578 2479 viris
602 2408 826 2478 sanctissimis
852 2405 1097 2499 approbatum,
1117 2407 1186 2476 imo
1210 2417 1371 2498 tauquam

345 2619 350 2628 Ι
380 2535 607 2606 traditionem
628 2532 855 2624 apostolicam
874 2540 1091 2599 veneratum.

430 2655 621 2727 Videamus
638 2651 723 2743 quid
746 2651 838 2721 circa
856 2649 1039 2720 sabbatum
1067 2651 1162 2740 leges
1180 2652 1372 2736 stabiliant,

381 2777 535 2871 quidque
561 2774 701 2844 diversa
719 2774 838 2865 praxis
863 2771 1017 2853 suadeat,
1039 2781 1076 2840 ut
1094 2771 1258 2865 quislibet
1279 2793 1377 2844 more

382 2921 455 2972 suae
485 2897 644 2967 ecclesiae
669 2906 822 2980 servato,
861 2893 1069 2987 obsequium
1107 2906 1250 2988 praestet
1287 2897 1369 2964 [teo.

373 3026 491 3114 Leges
512 3019 766 3090 ecclesiasticas
784 3037 830 3086 ex
848 3018 1179 3120 motivo-temporali
1203 3018 1374 3089 stabilitas

382 3137 531 3222 cessare,
556 3141 613 3210 ubi
632 3162 752 3211 eorum
770 3139 849 3210 linis
866 3151 991 3224 cessat,
1012 3142 1127 3210 nullus
1155 3142 1284 3233 estqui
1302 3141 1374 3211 du-

382 3267 491 3349 bitet;
512 3285 620 3356 quare
636 3261 761 3331 infiniti
783 3283 950 3349 canoueS,
970 3264 1156 3356 pluresque
1175 3264 1271 3356 leges
1284 3284 1373 3357 apo-

384 3385 650 3477 stolicaelimmo
667 3396 701 3454 et
715 3384 852 3476 Christi)
867 3385 902 3453 in
919 3407 979 3453 usu
999 3404 1069 3454 non
1086 3398 1179 3470 sunt3
1194 3408 1228 3456 v.
1246 3407 1300 3476 g.,
1316 3387 1375 3456 lex

384 3513 429 3603 de
454 3509 669 3580 correctione
694 3508 845 3578 iraterna
872 3508 1021 3601 privata,
1051 3509 1179 3580 tradita
1197 3531 1257 3603 per
1275 3510 1376 3580 Chri—

330 3661 331 3664 *
386 3646 477 3703 stum
493 3631 611 3723 (llatb.
631 3631 754 3714 xvttt,
773 3630 829 3722 tt)
854 3643 977 3714 cessat,
997 3631 1056 3700 ubi
1074 3631 1167 3701 nulla
1185 3653 1263 3725 spes
1277 3631 1376 3702 adest

385 3757 544 3841 fratrem
562 3755 737 3834 lucrandi,
756 3752 850 3842 quod
865 3764 940 3823 erat
954 3753 1169 3843 evangelicae
1182 3752 1267 3846 legis
1281 3751 1371 3822 finis.

386 3881 470 3947 [lato
486 3877 604 3967 igitur,
618 3876 803 3969 Apostolos
825 3876 986 3946 festivum
1014 3877 1197 3948 sabbatum
1218 3879 1378 3970 praescri-

373 3998 505 4090 -psisse,
515 3997 559 4066 ad
572 3998 752 4069 sciendum
764 4021 851 4092 quos
867 4010 902 4069 et
912 4009 1079 4093 quantum
1093 3997 1378 4092 temporis(illud)

370 4177 372 4188 .
389 4119 609 4213 obligaverit,
629 4120 735 4192 debet
750 4119 830 4216 linis
843 4122 989 4194 attendi.
