3172 5130
601 632 721 694 -139
744 667 792 728 ··,

196 819 357 886 Nesoizr'i
374 817 407 886 in
428 815 610 894 Lithuauia
626 836 683 886 an.
704 815 812 898 thot,
834 811 961 884 deinde
983 817 1137 884 Holmiae
1155 815 1187 884 in

157 1035 159 1039 .
196 941 319 1011 Suecia
337 931 395 1010 an.
415 943 510 1010 l6⁶28
530 967 537 1020 ;
559 921 755 1032 quibusque
777 936 947 1010 scandalis
965 926 1100 1010 Graecia
1124 962 1191 1010 non

195 1075 371 1144 caruerat,
391 1064 456 1134 suh
474 1063 600 1152 Cprillo
618 1062 761 1132 Luoario
780 1061 975 1154 patriarcha
995 1063 1187 1153 Cpolitano,

195 1185 294 1276 cujus
319 1185 557 1260 calvinizantis
589 1183 736 1274 ideoque
753 1181 915 1274 depositi,
935 1185 1141 1274 strangulati
1157 1196 1194 1256 et

195 1307 351 1376 damnati
372 1310 552 1393 Confessio
570 1304 780 1376 catechetica
799 1316 845 1372 tot
865 1307 900 1373 in
918 1305 1053 1375 Graecia
1084 1309 1190 1376 susci·

196 1439 286 1500 tarat
316 1430 482 1522 dissidia).
504 1429 555 1498 Ad
577 1429 624 1510 id,
649 1419 676 1490 'u
693 1439 813 1516 coacto
841 1430 1140 1521 metropolitanam
1157 1431 1192 1500 in

205 1578 221 1615 ι(
241 1551 361 1642 urbem
389 1551 580 1621 celebrium
611 1562 646 1620 et
661 1551 878 1621 eruditorum
898 1552 1089 1654 prpvinciac
1118 1573 1192 1622 suae

206 1673 391 1742 «virorum
420 1685 532 1758 coetu,
564 1676 670 1743 immo
704 1673 825 1742 accitis
854 1686 936 1742 ante
970 1674 1045 1742 illos
1081 1675 1192 1744 tribus

206 1826 223 1860 α
239 1799 410 1892 episcopis
424 1801 505 1883 suis,
527 1800 618 1868 iuter
639 1820 760 1868 onrnes
777 1799 953 1882 convenit,
972 1798 1016 1868 de
1032 1799 1096 1869 hac
1110 1799 1192 1870 fidei
1251 1817 1253 1824 ’

205 1947 221 1986 u
240 1943 313 1992 suae
326 1921 548 2015 ¹expositione
565 1923 695 2016 scripto
711 1922 925 2014 capitulatim
940 1923 1191 2014 consignanda,

203 2069 220 2109 «
238 2043 397 2136 illiusque
411 2047 598 2116 maturiore
607 2045 820 2137 cognitione,
832 2043 1192 2136 EcclesiaeCpolitanae
1269 2121 1272 2130 ,

203 2195 223 2230 «
241 2181 275 2236 ct
291 2190 401 2239 sacrae
421 2169 576 2260 ejusdem
612 2168 748 2259 syuodo
778 2168 1068 2238 commendanda.
1097 2168 1191 2238 Con-

200 2319 219 2354 «
239 2292 330 2364 lecto
346 2295 436 2364 hunc
455 2295 488 2364 in
509 2293 649 2364 modum
670 2291 774 2367 libro,
803 2291 859 2360 cni
884 2313 1096 2360 nxrosrrroms
1112 2315 1191 2360 rrum

204 2446 218 2482 u
236 2441 384 2488 uussoauu
414 2419 564 2487 indicem
584 2416 840 2506 inscripserant,
858 2435 878 2482 a
895 2415 1018 2504 Magna
1040 2416 1191 2486 Ecclesia

205 2570 223 2602 ιι
241 2540 418 2633 Cpolitana
446 2554 625 2610 curatores
650 2537 837 2629 synodicos
868 2557 909 2604 ac
942 2539 1193 2628 patriarchales

206 2662 409 2733 «exarchae
440 2673 643 2742 arcessunt3
668 2661 719 2729 sic
754 2659 871 2750 itaque
900 2657 980 2726 illuc
1007 2660 1191 2728 mittuntur

205 2785 476 2855 «sanctissimus
514 2784 632 2854 Niceae
668 2768 890 2874 metropolita
918 2778 1132 2875 Porphyrius
1157 2791 1192 2851 et

201 2930 219 2966 «
239 2905 397 2976 Meletius
423 2905 571 2999 Syrigus
594 2929 601 2975 :
624 2925 692 2996 quo
713 2902 857 2996 (scilicet
876 2904 910 2973 in
927 2914 1188 3006 congregatam,
1210 2919 1212 2923 ·

193 3052 219 3118 Υοι
237 3028 312 3098 aliis
338 3049 478 3122 quoque
491 3029 617 3112 causis,
633 3025 804 3120 synodum
823 3027 1030 3096 nationalem
1053 3026 1088 3094 in
1104 3027 1189 3096 llol-

202 3149 350 3244 udavia)
368 3162 402 3221 et
431 3173 451 3220 a
476 3152 594 3222 Russis
623 3151 719 3220 missi
742 3160 916 3218 venerunt
935 3147 1193 3250 lsaiasTrophi-

201 3297 217 3339 u
235 3275 377 3360 movitz,
391 3275 559 3369 Iosephus
570 3257 781 3345 Cononovitz
792 3283 826 3343 et
843 3273 1191 3364 IgnatiusXeuovitz.

200 3421 216 3463 u
238 3399 275 3466 lli
306 3399 411 3490 igitur
432 3410 682 3498 perpurgatum
708 3398 753 3468 ab
775 3399 867 3468 omni
886 3397 997 3466 aliena
1033 3395 1192 3467 doctriua

201 3548 217 3588 u
236 3523 362 3614 illaque
376 3547 541 3593 nourriruu
572 3521 789 3592 concretione
820 3518 946 3588 librum
964 3518 1007 3588 ad
1021 3519 1189 3610 optimum

201 3645 322 3715 «hunc
340 3644 445 3716 finem
456 3645 671 3739 perduxere,
684 3641 834 3733 indeque
852 3661 898 3711 ex
925 3639 1054 3732 templo
1070 3637 1190 3730 piissi-

200 3799 217 3833 ιι
237 3773 301 3841 mis
314 3783 418 3864 alque
438 3766 645 3842 orthodoxis
663 3777 810 3856 quatuor
827 3760 1033 3856 patriarchis
1054 3761 1190 3831 sedium
1238 3834 1240 3841 ,

203 3899 506 3991 «apostolicarum
529 3889 789 3964 successoribus
812 3885 1090 3980 perlustrandum
1118 3885 1189 3953 mi-

201 4043 313 4098 esere
353 4043 456 4116 quem
495 4027 530 4088 et
561 4016 610 4084 illi
652 4013 796 4107 pariter,
834 4024 999 4102 tanquam
1038 4009 1189 4102 genuina
