3172 5130
785 577 972 644 -170—

371 771 576 854 gustasset
607 763 784 836 abstinere
811 781 852 836 se
879 783 902 835 a
932 766 1100 857 sauguine
1119 778 1155 838 et
1173 771 1365 856 sefflicatm

263 861 266 884 ”
371 903 454 956 nem
485 884 706 957 conmudu
750 900 787 956 et·
816 885 930 978 legem
975 885 1118 959 roborat
1160 907 1295 982 aegram
1330 901 1367 964 et

371 1005 551 1099 vigentem
567 1007 736 1078 debilitet.
751 1007 829 1079 Non
846 1009 953 1102 igitur
969 1010 1318 1103 reprehendendum,
1335 1011 1367 1088 si

370 1127 485 1202 Latini
501 1151 574 1202 non
585 1129 759 1202 abstinent
771 1131 816 1202 ab
834 1129 902 1218 liis,
923 1131 1119 1206 sitentium
1142 1134 1299 1231 AEgyptii
1331 1147 1368 1212 et

369 1249 556 1324 Phoenices
575 1278 582 1322 :
603 1251 783 1346 superavit
801 1252 896 1327 enim
915 1271 1025 1346 penes
1037 1253 1137 1348 ipsos
1149 1256 1367 1330 cousuetudo

368 1376 496 1470 legem.
531 1377 875 1472 Reprehendendum
900 1379 1058 1450 turtassis
1090 1383 1128 1451 in
1162 1381 1290 1469 nohis,
1327 1382 1365 1454 ni

367 1499 607 1576 abstineamus
622 1503 904 1596 nomineque
914 1504 1022 1575 vetita
1037 1505 1361 1592 nobissimae.»

230 1653 233 1659 ·
365 1623 499 1697 Tamen
524 1626 560 1696 in
589 1627 709 1698 Russia
739 1647 851 1698 censu
883 1627 954 1697 istc
970 1627 1008 1696 in
1038 1629 1198 1699 omnium
1214 1629 1368 1701 dessue-

366 1749 528 1825 tudinem
565 1753 678 1838 abiit3
711 1753 815 1837 sicut,
849 1761 937 1823 teste
968 1753 1154 1826 Gerasimc
1188 1755 1368 1830 Monachu

366 1877 490 1950 Graeco
508 1877 576 1971 (aci.
593 1897 670 1949 cun.
693 1873 753 1958 67,
769 1876 909 1971 truita.
925 1890 1111 1970 aquatuor
1137 1880 1210 1972 jam
1224 1881 1365 1954 saeculis

367 1997 404 2068 in
418 2007 490 2069 tota
505 1998 655 2071 crecta.

416 2119 538 2194 Gannn
554 2118 603 2195 Ὠ
615 2121 736 2193 statuit
750 2144 759 2192 :
771 2146 786 2188 a
796 2139 867 2192 non
881 2121 989 2190 licere
998 2119 1114 2190 uirum
1122 2118 1365 2194 orthodoxum

364 2266 444 2319 eum
464 2249 614 2320 muliere
637 2248 817 2326 haeretica,
835 2257 895 2318 aut
912 2256 1079 2328 econtra,
1098 2249 1278 2340 copulari3
1297 2249 1366 2323 seri·

364 2370 394 2442 si
412 2371 501 2464 quid
516 2373 691 2463 ejusmodi·
704 2373 749 2443 ab
765 2375 837 2441 ullo
855 2393 902 2440 ec
924 2370 1090 2440 amntem
1105 2370 1234 2440 iactum
1251 2391 1366 2466 appau

362 2501 487 2584 ruerit,
500 2501 629 2569 irs-itns
641 2503 788 2586 nuptias
801 2496 1010 2580 existimari,
1028 2506 1062 2566 et
1076 2498 1260 2582 sesamum
1275 2519 1358 2568 con-

358 2623 501 2714 jupium
531 2624 688 2696 dissolvi.
723 2650 739 2690 r>
763 2622 850 2708 Quis
864 2643 952 2714 ergo
976 2641 1045 2692 non
1066 2620 1176 2708 videt,
1200 2635 1235 2694 et
1252 2623 1361 2698 istum

362 2753 543 2819 cessasse?
571 2769 650 2818 cum
680 2749 736 2842 (ns
763 2745 952 2840 ioquamnr
974 2744 1022 2816 da
1046 2743 1185 2841 infimis)
1212 2769 1257 2818 cx
1284 2759 1361 2821 totu

361 2867 493 2941 iamriia
518 2869 693 2963 imperiaii
711 2869 874 2941 foeminas
900 2889 981 2940 cum
1004 2867 1196 2940 lutheranis
1218 2871 1356 2962 princi-

360 2995 465 3092 pibus
477 2995 621 3090 contigit
634 2995 708 3086 jam
728 2995 901 3090 nupsisse.
918 3006 992 3066 tota
1010 2996 1251 3068 consentiente
1269 2997 1356 3071 itus-

358 3123 423 3196 sias
436 3121 539 3206 Aula,
556 3134 591 3194 et
604 3123 653 3193 nil
665 3122 930 3224 contradicente
953 3122 1356 3219 ecciesia.Vidimusque

356 3241 510 3331 Annam,
524 3244 629 3317 filiam
652 3246 745 3317 Petri
764 3245 898 3337 Magni,
912 3254 1055 3340 nuptam
1071 3247 1157 3316 Duci
1171 3245 1352 3335 Holsatiae,

357 3372 498 3441 curasse
517 3366 688 3460 baptizari
715 3363 824 3437 filium
844 3367 1080 3462 superstitem,
1106 3368 1302 3458 alministro
1319 3381 1356 3440 et

356 3493 394 3562 in
422 3491 491 3562 ritu
516 3491 685 3579 ruthen03
703 3490 766 3562 sed
790 3487 994 3576 catharina,
1026 3488 1231 3585 imperantis
1248 3489 1354 3564 hodie

324 3600 328 3608 ’
353 3631 467 3698 soror,
496 3633 543 3684 ex
565 3613 661 3684 Duce
685 3611 1005 3706 Mecklemburgico
1032 3607 1138 3680 filiam
1157 3610 1356 3684 Macilem-

353 3732 459 3828 burgi
468 3735 636 3828 genitam,
648 3735 718 3806 ritu
736 3743 770 3806 et
781 3757 800 3807 a
811 3734 971 3806 ministro
987 3732 1171 3805 lutherano
1181 3733 1353 3830 baptizari

352 3858 566 3958 permisisse.
599 3849 800 3954 Baptismus
827 3868 924 3930 certe
953 3855 998 3928 ab
1026 3877 1237 3951 unoquoque
1264 3859 1353 3932 vaii-

352 3977 439 4066 dus;
459 3981 523 4053 sed
536 3979 733 4054 verendum
749 3991 817 4067 est,
838 3999 883 4052 ne
900 3987 1050 4074 sequuta
1083 3977 1245 4052 educatio
1261 3977 1351 4056 fines
