3124 5126
772 585 941 648 ..76-

358 753 456 822 nanti
479 751 624 845 repetita
654 751 732 822 vice
751 751 942 847 respondit.
976 752 1126 823 Militare
1159 753 1291 826 Russiae
1318 776 1357 826 se

360 874 601 968 spopondisse,
621 873 749 961 aiebat,
765 877 877 947 lihero
890 875 957 948 sihi
974 876 1145 946 exercitio
1162 877 1325 947 catholici
1344 903 1352 959 ;

360 998 484 1089 inquo
513 1017 630 1068 curam
649 997 864 1090 spiritualem
891 997 1044 1069 filiorum
1064 997 1259 1083 includens,
1290 1018 1355 1068 nec

360 1122 524 1216 episeopo
541 1143 605 1191 nec
623 1121 758 1214 synodo
772 1121 954 1192 tenebatur
968 1123 1126 1214 obsequi,
1142 1143 1207 1192 nee
1219 1120 1263 1191 ab
1277 1122 1354 1192 aula

361 1243 504 1312 timebat
522 1245 684 1337 compelli
706 1271 713 1326 ;
735 1246 913 1337 semelque
940 1231 1133 1337 baptizatos
1150 1266 1278 1338 pueros
1294 1244 1355 1314 ha-

362 1365 462 1448 bene,
483 1377 688 1436 cunctorum
707 1366 839 1437 vitabat
863 1367 1044 1437 ulteriores
1064 1366 1251 1436 molestias,

411 1488 560 1558 Gravem
576 1488 633 1556 hic
647 1490 768 1558 Scotus
785 1486 982 1578 corrigebat
996 1509 1152 1558 errorem
1170 1489 1358 1560 catholico-

362 1633 438 1681 rum
460 1610 623 1702 plurlum‚
655 1610 876 1679 matrimonia
908 1631 985 1678 cum
1012 1611 1187 1682 haereticis
1212 1623 1358 1682 contra-

360 1733 532 1815 hentium,
553 1733 614 1802 uhi
632 1733 813 1812 commixti
832 1735 970 1813 vivunt,
995 1754 1164 1825 expresso
1182 1745 1282 1826 pacto
1299 1734 1356 1805 di-

361 1855 526 1925 videndae
538 1856 640 1945 juxta
671 1857 860 1946 conjugum
883 1876 990 1936 sexus
1018 1856 1124 1948 prolis
1151 1856 1195 1926 ad
1215 1858 1359 1948 religio-

362 1999 457 2062 nem,
475 1979 521 2047 ita
541 1989 577 2046 ut
596 1989 729 2071 patrem
753 1955 945 2069 sequantur
962 1979 1168 2049 haereticum
1193 1978 1268 2066 lilii,
1289 2002 1359 2050 ma-

364 2113 522 2194 tremque
541 2077 636 2171 filiae.
670 2101 755 2184 Quis
783 2103 873 2170 enim
904 2122 981 2170 esse
1007 2102 1138 2170 malum
1157 2123 1203 2171 ex
1233 2113 1358 2174 natura

362 2249 422 2298 sua
443 2249 512 2298 non
529 2228 634 2312 dicet,
658 2225 765 2296 filium
781 2236 841 2296 aut
861 2225 967 2296 filiam
988 2239 1089 2319 pacto
1106 2247 1274 2319 expresso
1292 2229 1359 2298 de-

363 2355 494 2424 stinare
515 2352 560 2423 ad
587 2373 788 2444 perversam
812 2350 945 2420 fidem?
963 2351 1181 2449 Matrimonia
1199 2352 1245 2421 ita
1263 2353 1358 2445 paci-

364 2475 537 2545 scentium
554 2474 668 2543 dicam
686 2474 816 2553 valida,
838 2472 900 2543 sed
917 2475 1036 2542 illicita
1055 2500 1062 2556 3
1085 2493 1302 2565 peccareque
1324 2485 1360 2542 et

365 2597 625 2680 contrahentes,
642 2607 677 2665 et
692 2597 847 2686 gravius
874 2598 1115 2686 permittentes
1131 2593 1283 2678 sicheri,
1301 2617 1361 2665 as-

363 2723 524 2793 sistentes
539 2720 709 2811 parochos
726 2747 732 2802 ;
750 2718 1066 2808 detestandumque
1082 2740 1358 2790 asseramacun·

363 2848 426 2915 ctis
441 2843 620 2914 catholicis
632 2843 848 2926 scandalum,
862 2842 955 2935 quod
969 2843 1125 2914 infernus
1143 2845 1360 2937 populandus

363 2969 453 3036 inter
471 2969 589 3060 plures
614 2965 904 3059 septentrionales
923 2966 1005 3034 fecit
1024 2965 1085 3035 vix
1109 2987 1178 3036 non
1198 2989 1359 3038 commu-

364 3113 457 3162 nem.
479 3091 706 3161 Tolerabilius
724 3090 889 3174 dicerem,
909 3091 1068 3160 contrahi
1086 3091 1160 3159 sine
1181 3101 1283 3184 pacto
1297 3093 1361 3160 ali-

364 3233 447 3305 quo,
468 3213 659 3306 spectanda
676 3214 846 3282 electione
864 3212 976 3282 lihera
1002 3211 1154 3282 filiorum
1181 3212 1217 3281 in
1246 3213 1363 3285 adulta

365 3331 469 3409 aetale
488 3365 494 3407 :
516 3339 545 3408 si
563 3349 677 3408 tamen
697 3359 825 3431 parcns
847 3337 1040 3406 catholicus
1065 3335 1272 3408 adlaborare
1290 3359 1360 3408 non

252 3522 255 3528 .
364 3463 540 3533 omitteret
554 3461 708 3530 efficacia
737 3461 803 3530 sibi
832 3460 987 3553 possibili
1013 3481 1075 3552 pro
1097 3461 1208 3530 salute
1235 3462 1355 3555 prolis,

366 3609 511 3681 sperans
526 3610 545 3656 a
563 3589 634 3656 Deo
657 3607 694 3656 se
712 3585 948 3676 adjuvandum
977 3607 1040 3677 pro
1057 3585 1235 3656 salvandis
1262 3584 1354 3655 filiis.

365 3709 400 3780 Si
415 3709 507 3778 enirn
531 3731 608 3778 cum
629 3693 792 3780 haeretico
810 3706 1047 3776 seductionem
1074 3717 1283 3799 procurante
1305 3711 1358 3778 vi·

366 3853 450 3902 vere
464 3852 530 3900 nec
547 3829 629 3900 licet
643 3831 783 3922 conjugi
799 3858 805 3898 :
823 3829 1084 3921 quantominus
1100 3831 1228 3922 poterit
1244 3831 1357 3902 fidelis

366 3967 463 4027 certo
478 3954 557 4024 huic
571 3956 750 4048 cooperari
769 3953 903 4038 adhoc,
923 3965 958 4023 ut
975 3951 1033 4022 fiat
1046 3953 1232 4025 haereticus
1249 3954 1353 4040 filius
