3148 5132
290 1114 681 1229 PRAEFATIO
739 1115 1095 1235 cocubalo.

242 1655 270 1716 l.
282 1650 386 1732 Quum
399 1648 581 1714 &cenatio
595 1649 762 1731 historice,
775 1669 871 1734 quam
885 1651 1064 1736 lectoribus,
1076 1651 1190 1720 harum

197 1788 301 1836 rerum
310 1768 470 1854 studiosis,
482 1769 606 1835 iteratis
619 1771 704 1855 typis
714 1771 897 1838 mandatum
908 1791 1051 1858 propono,
1059 1775 1188 1861 majoris

197 1889 361 1974 eujusdam
388 1889 488 1973 operis
508 1890 629 1974 partem
655 1889 837 1971 constituat,
864 1892 1190 1980 omniquepraeloquio

197 2013 232 2078 in
252 2012 352 2096 priore
367 2009 502 2077 editione
517 2009 614 2075 luerit
638 2009 805 2086 destituta,
834 2030 934 2096 operae
955 2015 1094 2099 pretium
1121 2033 1189 2082 esse

89 2176 92 2179 .
199 2129 353 2210 existimo,
367 2128 510 2214 quadam
532 2127 656 2212 praefari
679 2129 717 2195 de
742 2129 817 2196 libri
837 2131 935 2216 huius
959 2133 1128 2216 occasione,
1153 2135 1192 2205 de

203 2253 327 2318 auctore
350 2249 480 2334 ejusque
502 2248 629 2333 seriptis
650 2249 683 2314 et
706 2248 856 2330 doctrina,
879 2250 920 2316 de
941 2252 1033 2320 modo
1062 2252 1192 2322 tandem

201 2395 262 2463 quo
271 2376 304 2442 in
317 2371 397 2441 nova
411 2373 471 2442 bac
484 2372 621 2440 editione
636 2390 713 2440 usus
727 2391 798 2440 sum
812 2391 901 2456 :qua
915 2375 1020 2444 omnia
1031 2393 1068 2446 ex
1084 2376 1193 2446 ordino

201 2491 398 2580 percensebo.

685 2671 711 2738 L

244 2877 274 2943 2.
288 2874 465 2943 Historioas
477 2872 673 2958 disciplinas,
685 2874 862 2960 presertim
872 2892 924 2942 eas
934 2893 1004 2960 quae
1022 2874 1063 2943 ad
1080 2876 1192 2960 praete-

202 2995 264 3062 rita
287 2998 428 3081 tempora
460 2994 585 3080 imperii
616 2992 815 3061 Moscoritici
850 2993 1041 3082 illustranda
1073 2993 1195 3080 aliquid

197 3119 369 3200 conserunt,
402 3117 443 3184 ab
467 3116 647 3188 hominibus
662 3114 818 3183 litteratis
841 3115 955 3182 uestra
981 3115 1086 3182 acbatis
1113 3115 1195 3184 mira
1232 3196 1237 3204 ,

201 3241 346 3308 sollertia
371 3239 469 3306 excoli
502 3256 679 3324 magnaque
705 3238 898 3304 incrementa
920 3237 989 3322 jam
1017 3237 1194 3304 obtinuisse

201 3360 330 3443 negabit
367 3376 468 3425 nemo.
498 3358 705 3424 Inveniuntur
731 3356 967 3424 soilicstintar
990 3357 1108 3426 Russus
1132 3376 1194 3426 non

203 3484 295 3568 pauci
309 3482 363 3567 qui
378 3482 412 3548 in
433 3481 645 3548 monumentis
662 3480 890 3566 hujuscemodi,
905 3499 974 3564 qum
998 3481 1033 3548 in
1058 3481 1195 3551 tenebri-

101 3603 103 3608 '
204 3602 286 3668 eosis
297 3601 421 3668 scriniis
437 3599 740 3680 delitescebant,ch
758 3599 985 3684 investigandis
1000 3600 1196 3686 etinlucem

205 3718 405 3805 proferendis,
423 3718 474 3786 vel
492 3718 625 3785 eruditis
647 3718 879 3785 commentariis
892 3717 1093 3792 illustrandis
1104 3739 1200 3808 pecu-

206 3843 318 3910 liarem
332 3858 440 3908 curam
449 3839 654 3910 laudabiliter
663 3839 858 3926 impeudaut;
870 3856 907 3906 ea
918 3840 1048 3926 insuper
1056 3839 1128 3928 lege
1138 3841 1201 3910 sibi
