3124 5126
806 601 973 663 ...62-

279 851 281 864 ¹
389 777 560 839 mentum.
575 767 661 838 Hinc
678 768 890 856 inferamus,
902 777 1068 862 quantum
1082 767 1279 840 Extremam
1293 769 1385 842 hano

392 890 670 962 existimaverint
690 891 897 964 Unctionem
923 919 931 963 :
949 901 987 962 ut
1006 901 1213 962 ueextrema
1229 913 1383 985 unquam

393 1031 462 1082 non
478 1023 580 1098 esset,
601 1015 659 1084 vel
673 1015 795 1100 fames,
814 1016 870 1088 vel
889 1011 1047 1100 morbus,
1068 1011 1284 1105 sequendam
1301 1015 1385 1086 illa-

390 1144 468 1206 tura
482 1146 573 1208 esset
587 1139 698 1209 unctis
715 1161 814 1210 sacro
828 1138 893 1210 hoo
911 1138 989 1208 oleo
1005 1147 1165 1208 mortem.
1186 1136 1388 1209 Consultius

391 1260 590 1354 concipiunt
603 1261 708 1333 hodie
725 1264 877 1344 Rutheni
895 1263 1016 1333 mortis
1031 1274 1168 1356 tempus
1186 1261 1381 1337 incertum:

388 1407 447 1470 ne,
459 1386 601 1460 vitaturi
614 1385 855 1482 tyrannidem,
868 1397 929 1456 aut
941 1398 1093 1480 aegrotos
1105 1408 1205 1459 saoro
1214 1389 1292 1460 oleo
1308 1389 1388 1484 pri-

389 1503 486 1596 vent,
509 1511 609 1581 citius
623 1510 809 1582 morituros
822 1529 927 1602 quam
946 1508 1105 1595 credant;
1126 1520 1185 1581 aut
1202 1533 1280 1583 oum
1293 1535 1386 1585 uno-

389 1632 485 1704 tione
504 1653 602 1704 saora
622 1631 754 1704 eisdem
775 1630 988 1702 inevitabilis
1006 1642 1088 1703 tuno
1102 1633 1225 1704 mortis
1238 1634 1384 1706 videan-

390 1765 447 1824 tur
473 1754 671 1826 deorevisse
692 1755 914 1826 sententiam.
934 1755 1043 1826 Alunt
1065 1753 1240 1848 siquidem
1268 1777 1382 1852 aegro·

389 1886 462 1947 tom
488 1879 553 1949 elsi
574 1889 730 1964 unctum,
751 1877 854 1970 eique
877 1876 1050 1948 medelam
1076 1880 1293 1973 corporalem
1311 1899 1382 1953 non

389 1997 611 2085 subtrahunt,
631 2021 735 2093 quem
753 2001 844 2070 forte
868 1996 1087 2070 olleoiondum
1110 2001 1215 2071 etiam
1234 2022 1385 2096 corporo

389 2117 572 2205 ommino,
584 2121 687 2212 juxta
705 2120 828 2191 Jacobi
841 2121 1028 2208 monitum,
1050 2143 1121 2193 non
1132 2121 1311 2194 diffidunt.

759 2803 903 2878 CAPUT
929 2805 1019 2878 XlV.

777 3117 860 3191 0rlo
889 3135 998 3192 saoor.

439 3443 578 3514 Ordinis
607 3458 862 3518 sacramentum
890 3448 1040 3520 Rutheni
1065 3450 1214 3522 credunt
1245 3452 1381 3544 riteque

269 3595 276 3622 ι
389 3570 582 3640 conferunt.
601 3569 702 3642 Veris
714 3571 888 3666 episcopis
904 3591 924 3642 e
938 3563 1073 3644 Graeoia
1090 3575 1155 3646 rite
1172 3576 1286 3650 missis
1300 3578 1378 3648 fun-

391 3665 508 3763 datam
519 3691 706 3764 Ecclesiam
721 3695 757 3764 in
769 3695 892 3766 Bossia
906 3694 1057 3768 vidimus
1077 3725 1084 3767 :
1106 3697 1279 3791 aquibus,
1292 3700 1382 3772 sicut

207 3882 209 3888 ,
289 3889 293 3895 ,
391 3813 428 3882 in
447 3813 590 3898 Graecia,
605 3837 823 3888 successores
838 3818 912 3890 veri
928 3817 1103 3890 habentur
1116 3823 1266 3893 ministri
1280 3844 1378 3916 apos-

394 3937 501 4009 tolici.
524 3938 618 4013 Ordo
635 3964 734 4015 sacer
761 3943 806 4015 ab
835 3947 1007 4043 episcopis
1022 3948 1102 4038 jure
1121 3948 1238 4021 divino
1255 3949 1339 4020 conf
1359 3989 1380 4002 -
