3124 5126
767 583 934 644 ...86-

348 750 463 822 rantia
489 751 525 821 in
552 751 690 822 rusticis
708 749 922 834 accidentes,
942 747 1112 840 colligunt
1139 750 1348 842 magnifica-

347 871 416 942 turi
434 871 548 942 cultus
565 893 744 956 excessus,
759 869 956 941 materiales
972 869 1086 940 dicam
1103 880 1138 941 et
1153 871 1348 949 ineruditae

348 991 546 1064 devotionis
563 994 720 1080 allectus,
739 994 828 1065 sicut
841 991 1043 1083 corrigendi
1058 1012 1128 1063 non
1148 993 1276 1065 desunt
1298 996 1349 1068 in-

348 1127 403 1188 ter
420 1117 570 1216 Latinos.
590 1118 807 1210 Quicumque
822 1115 868 1187 ob
886 1116 970 1186 istos
987 1113 1210 1187 devotionem
1227 1117 1346 1191 idolo-

348 1239 506 1310 latricam
524 1241 716 1326 insimulet,
741 1240 922 1329 theologos
940 1257 1017 1308 esse
1033 1248 1177 1311 cunctos
1199 1242 1346 1315 rusticos

349 1363 495 1458 optabit,
514 1385 593 1434 cum
610 1365 683 1457 ipse
699 1363 906 1435 ostendatur
929 1383 1026 1433 verae
1045 1363 1248 1434 christianae
1261 1363 1345 1436 fidei

347 1488 490 1561 oblitus.
513 1487 699 1558 intendunt
713 1485 901 1581 orthodoxi
928 1485 1047 1556 rustici
1060 1485 1097 1556 id
1117 1497 1251 1558 tantum
1271 1489 1344 1560 im-

350 1609 527 1702 plorantes
541 1611 748 1681 Sanctorum
764 1609 999 1703 patrocinium
1018 1609 1263 1703 exequi,qu0d
1277 1613 1345 1684 Ec-

348 1732 457 1804 clesia
486 1733 719 1804 communiter
745 1729 902 1825 perlicit3
932 1751 998 1800 nec
1016 1729 1106 1802 ullus
1132 1731 1177 1801 ab
1209 1735 1345 1807 orando

348 1854 421 1923 Deo
437 1859 473 1924 in
496 1855 702 1926 Sanctorum
718 1855 814 1925 cultu
843 1850 1060 1946 praescindit.
1082 1853 1121 1924 ln
1148 1855 1215 1925 hoc
1232 1856 1343 1927 cede-
1411 1910 1414 1918 .

348 1997 426 2046 mus
456 1977 663 2048 Lutherani's
687 1976 888 2061 orthodoxi,
914 1977 988 2046 sive
1018 1977 1127 2067 graeci
1153 1978 1228 2048 sive
1246 1979 1344 2050 latini

347 2095 524 2191 theologi:
545 2099 639 2190 quod
667 2120 730 2169 nos
755 2098 915 2170 edocturi
946 2099 1108 2183 rusticos,
1129 2101 1343 2173 subtilitates

346 2239 417 2289 non
439 2222 643 2313 quaerimus;
665 2222 732 2315 ipsi
761 2219 923 2314 sophistis
950 2221 1073 2312 glebas
1110 2223 1284 2318 supinant,
1303 2235 1342 2296 ut

344 2344 576 2418 academiolas
588 2357 688 2439 terga
707 2345 907 2416 detecturas
920 2346 1109 2417 invertant.

750 2649 978 2668 u-——u-——ad

706 2995 846 3061 CAPUT
880 2991 970 3059 XXI.

463 3279 596 3376 Jejunia
631 3283 814 3357 communio
842 3281 1005 3358 ltcolssiae
1034 3283 1209 3357 Ruthone.
1261 3333 1270 3354 .
1337 3345 1341 3352 .

387 3585 493 3657 Actus
510 3607 645 3658 necnon
662 3587 842 3680 religionis
869 3606 945 3658 esse
959 3587 1106 3678 jejunia,
1131 3587 1175 3660 ad
1193 3589 1335 3682 placan-

339 3709 537 3781 dasollensi
561 3709 714 3780 numinis
730 3711 813 3797 iras,
842 3710 1199 3804 satisfaciendumque
1221 3713 1254 3782 ei
1273 3732 1337 3806 pro

339 3831 600 3902 commissorum
610 3841 834 3926 peccatorum
848 3854 964 3927 poenae
978 3843 1091 3920 reatu,
1113 3834 1200 3904 satis
1216 3831 1336 3923 expli-

288 3964 290 3969 ·
339 3948 474 4022 cuinuus
487 3953 580 4024 circa
593 3963 719 4047 quaest.
738 3957 803 4040 88;
823 3955 911 4026 sicut
936 3967 972 4025 et
987 3955 1156 4028 llcclesiae
1182 3951 1336 4025 auctori-
