3124 5126
576 619 762 684 -loln

223 793 356 865 Primus
384 811 483 862 error
512 801 565 862 est
594 790 685 861 circa
716 791 853 864 Deum
885 813 964 864 cum
994 791 1162 886 Spiritum

172 929 343 1000 sanctum,
364 937 487 986 verum
502 917 609 986 Deum
626 927 660 986 st
682 937 788 985 unum
806 937 885 986 cum
899 917 1002 988 Patre
1028 928 1063 987 et
1080 916 1163 988 Filio

173 1039 361 1122 creditum,
377 1060 396 1108 a
415 1040 515 1109 l’atre
531 1037 790 1132 procedentem,
808 1059 877 1110 non
893 1051 1007 1112 tamen
1025 1062 1045 1111 a
1060 1041 1159 1124 Filio,

173 1161 239 1230 etsi
255 1181 316 1254 per
329 1161 456 1230 Filium
475 1161 565 1231 male
577 1160 927 1254 explicent,llutheni
940 1184 1019 1232 cum
1036 1163 1162 1254 graecis

173 1281 349 1354 Photianis
367 1293 517 1353 tuentur.
552 1284 648 1353 Hunc
673 1304 831 1354 errorem
850 1284 933 1355 lose
958 1283 1161 1378 oppugnavi

173 1425 237 1477 suo
254 1405 330 1474 loco
345 1406 439 1476 circa
457 1416 583 1498 quaest.
602 1404 706 1476 uxxt
726 1433 734 1490 ;
755 1405 918 1477 videatur
935 1406 1076 1477 ibidem.
1174 1409 1179 1418 '

223 1527 404 1598 Secundus
420 1548 520 1598 error
547 1538 599 1598 est
617 1527 710 1602 circe
730 1538 857 1598 statum
877 1529 1163 1622 animarum-post

94 1633 98 1648 ⁸
174 1661 320 1720 mortem
340 1677 346 1718 :
367 1671 446 1720 cum
459 1661 569 1719 status
585 1647 846 1743 purgandarum
860 1649 1164 1741 negetur,quihus

172 1769 354 1842 indefinite
375 1771 576 1864 suffragium
593 1771 807 1858 conceditur.
830 1773 930 1843 Hunc
952 1772 1160 1866 suprainsi·

174 1896 293 1978 nocui,
336 1895 408 1984 jam
450 1888 544 1962 circa
580 1903 704 1986 quaest.
741 1894 847 1964 LXVl·
875 1914 951 1963 non⁴
984 1893 1159 1965 modicum

175 2018 405 2090 confutatum.

223 2140 357 2210 Tertius
388 2159 487 2208 error
511 2149 565 2208 est
579 2137 614 2206 in
633 2138 858 2208 sacramento
876 2139 1104 2224 matrimonii,
1126 2150 1162 2210 ut

173 2264 338 2346 diximus,
356 2261 449 2355 quod
466 2263 499 2331 in
517 2283 600 2332 casu
626 2260 790 2331 adulterii
815 2261 920 2352 possit
937 2261 994 2330 vir
1016 2283 1162 2334 uxorem

172 2389 364 2471 dimittere,
382 2407 451 2455 non
469 2395 637 2455 econtra.
656 2386 769 2467 Hunc,
786 2405 850 2453 nec
866 2384 968 2454 facile
981 2385 1164 2478 corrigen-

173 2513 270 2596 dum,
305 2531 411 2604 supra
441 2509 635 2599 tetigimus;
668 2507 767 2599 cujus
794 2507 1022 2598 theologicam
1047 2508 1163 2601 impu·

172 2639 374 2732 gnationem
400 2633 444 2704 ad
471 2642 654 2702 tractatum
680 2631 726 2702 de
752 2630 984 2702 sacramentis
1011 2631 1046 2701 iu
1073 2627 1164 2700 Echo

173 2756 354 2854 Relipt'oais
369 2757 577 2828 remisimus

220 2885 388 2969 Quartum
405 2900 560 2952 errorem
587 2879 737 2972 conjicio
768 2888 976 2950 caeterorum
1003 2879 1158 2950 omniurn

171 3015 231 3076 aut
247 3024 383 3075 causam
401 3013 460 3073 aut
478 3002 648 3073 fulcrum:
671 3001 858 3072 Ecclesiam
885 3001 1075 3071 Romanam
1097 3021 1160 3069 ne-

170 3136 254 3223 gant
281 3125 429 3197 Rutheni
448 3123 677 3196 communiter
701 3125 856 3195 omnium
878 3133 1043 3213 matrem;
1068 3123 1160 3194 uude
1255 3100 1257 3104 ⁵

172 3247 399 3346 pontificem,
430 3247 595 3338 ejusdem
617 3249 841 3341 episcopum,
878 3267 1050 3316 summum
1082 3245 1163 3317 lassi

172 3357 402 3457 hierarchice,
421 3373 576 3442 omnium
596 3382 768 3466 pastorem
803 3372 975 3463 totiusque
999 3371 1162 3442 Ecclesiae

172 3515 241 3568 non
265 3494 457 3566 concedunt
488 3505 592 3588 caput
620 3495 701 3565 loco·
722 3495 852 3567 Christi·
882 3495 1016 3586 risibile
1045 3494 1160 3585 juris-

171 3615 322 3688 dictione
348 3615 528 3708 proelatum
564 3616 714 3688 oaeteris.
751 3608 886 3712 Negant
917 3615 1158 3686 auctoritatem

172 3739 264 3814 hauc
301 3739 407 3809 luisse
452 3737 563 3810 Petro
600 3739 771 3811 collatam·
792 3762 825 3811 -a
871 3740 1006 3811 Christo
1056 3760 1162 3833 super

172 3876 358 3970 apostolos,
389 3874 452 3947 sed
482 3874 607 3947 datam·
633 3896 710 3946 eam
740 3875 1003 3946 eidem'dicunt
1024 3893 1160 3966 aequarn

169 4019 252 4070 oum
301 3997 451 4068 caeteris.
501 3997 600 4068 llunc
645 4019 801 4069 errorem
843 3997 971 4069 fovisse
1012 3997 1158 4090 primum

1015 4115 1030 4168 t
