<?xml version="1.0" encoding="UTF-8"?>
<!DOCTYPE html PUBLIC "-//W3C//DTD XHTML 1.0 Transitional//EN"
    "http://www.w3.org/TR/xhtml1/DTD/xhtml1-transitional.dtd">
<html xmlns="http://www.w3.org/1999/xhtml" xml:lang="en" lang="en">
 <head>
  <title>
</title>
<meta http-equiv="Content-Type" content="text/html;charset=utf-8" />
  <meta name='ocr-system' content='tesseract 3.04.00' />
  <meta name='ocr-capabilities' content='ocr_page ocr_carea ocr_par ocr_line ocrx_word'/>
</head>
<body>
  <div class='ocr_page' id='page_1' title='image "./brevisenarratio00ribegoog/brevisenarratio00ribegoog_0179.png"; bbox 0 0 3172 5130; ppageno 0'>
   <div class='ocr_carea' id='block_1_1' title="bbox 791 605 982 670">
    <p class='ocr_par' dir='ltr' id='par_1_1' title="bbox 791 605 982 670">
     <span class='ocr_line' id='line_1_1' title="bbox 791 605 982 670; baseline 0 -2"><span class='ocrx_word' id='word_1_1' title='bbox 791 640 833 654; x_wconf 81' lang='lat'>·-</span> <span class='ocrx_word' id='word_1_2' title='bbox 855 605 915 670; x_wconf 83' lang='lat' dir='ltr'>tto</span> <span class='ocrx_word' id='word_1_3' title='bbox 941 643 982 656; x_wconf 88' lang='lat'><em>-</em></span> 
     </span>
    </p>
   </div>
   <div class='ocr_carea' id='block_1_2' title="bbox 409 773 1400 1224">
    <p class='ocr_par' dir='ltr' id='par_1_2' title="bbox 409 773 1400 1224">
     <span class='ocr_line' id='line_1_2' title="bbox 412 773 1399 868; baseline -0.002 -20"><span class='ocrx_word' id='word_1_4' title='bbox 412 781 680 852; x_wconf 78' lang='lat' dir='ltr'>«continentem</span> <span class='ocrx_word' id='word_1_5' title='bbox 710 773 889 866; x_wconf 80' lang='lat' dir='ltr'>dogmata,</span> <span class='ocrx_word' id='word_1_6' title='bbox 910 775 1075 868; x_wconf 90' lang='lat' dir='ltr'>nullaque</span> <span class='ocrx_word' id='word_1_7' title='bbox 1102 773 1245 843; x_wconf 91' lang='lat' dir='ltr'>omnino</span> <span class='ocrx_word' id='word_1_8' title='bbox 1262 773 1355 843; x_wconf 86' lang='lat' dir='ltr'>inre</span> <span class='ocrx_word' id='word_1_9' title='bbox 1378 797 1399 846; x_wconf 89' lang='lat' dir='ltr'>a</span> 
     </span>
     <span class='ocr_line' id='line_1_3' title="bbox 409 894 1400 988; baseline 0.002 -22"><span class='ocrx_word' id='word_1_10' title='bbox 409 930 428 988; x_wconf 84' lang='lat' dir='ltr'>u</span> <span class='ocrx_word' id='word_1_11' title='bbox 446 904 612 974; x_wconf 89' lang='lat' dir='ltr'>catholica</span> <span class='ocrx_word' id='word_1_12' title='bbox 632 913 664 971; x_wconf 88' lang='lat' dir='ltr'>et</span> <span class='ocrx_word' id='word_1_13' title='bbox 693 899 828 968; x_wconf 88' lang='lat' dir='ltr'>sincera</span> <span class='ocrx_word' id='word_1_14' title='bbox 854 897 1055 970; x_wconf 88' lang='lat' dir='ltr'>Graecorum</span> <span class='ocrx_word' id='word_1_15' title='bbox 1083 895 1151 966; x_wconf 87' lang='lat' dir='ltr'>fide</span> <span class='ocrx_word' id='word_1_16' title='bbox 1174 894 1400 968; x_wconf 87' lang='lat' dir='ltr'>deerrantem</span> 
     </span>
     <span class='ocr_line' id='line_1_4' title="bbox 412 1022 1398 1120; baseline 0.001 -30"><span class='ocrx_word' id='word_1_17' title='bbox 412 1027 738 1120; x_wconf 83' lang='lat' dir='ltr'>«comprobarunt;</span> <span class='ocrx_word' id='word_1_18' title='bbox 775 1027 906 1087; x_wconf 89' lang='lat' dir='ltr'>elnon</span> <span class='ocrx_word' id='word_1_19' title='bbox 935 1022 1122 1090; x_wconf 86' lang='lat' dir='ltr'>Russorum</span> <span class='ocrx_word' id='word_1_20' title='bbox 1151 1032 1297 1102; x_wconf 90' lang='lat' dir='ltr'>tantum,</span> <span class='ocrx_word' id='word_1_21' title='bbox 1334 1023 1398 1091; x_wconf 93' lang='lat' dir='ltr'>sed</span> 
     </span>
     <span class='ocr_line' id='line_1_5' title="bbox 412 1125 1400 1224; baseline 0 -8"><span class='ocrx_word' id='word_1_22' title='bbox 412 1175 428 1216; x_wconf 82' lang='lat' dir='ltr'>u</span> <span class='ocrx_word' id='word_1_23' title='bbox 447 1146 701 1217; x_wconf 89' lang='lat' dir='ltr'>universaliore</span> <span class='ocrx_word' id='word_1_24' title='bbox 718 1141 870 1224; x_wconf 88' lang='lat' dir='ltr'>nomine,</span> <span class='ocrx_word' id='word_1_25' title='bbox 887 1151 1095 1218; x_wconf 77' lang='lat' dir='ltr'>Graecorum</span> <span class='ocrx_word' id='word_1_26' title='bbox 1110 1125 1270 1214; x_wconf 80' lang='lat' dir='ltr'>omnium</span> <span class='ocrx_word' id='word_1_27' title='bbox 1282 1151 1400 1216; x_wconf 84' lang='lat' dir='ltr'>ortlto·</span> 
     </span>
    </p>
   </div>
   <div class='ocr_carea' id='block_1_3' title="bbox 409 1263 1399 1481">
    <p class='ocr_par' dir='ltr' id='par_1_3' title="bbox 409 1263 1399 1481">
     <span class='ocr_line' id='line_1_6' title="bbox 409 1263 984 1360; baseline -0.033 -12"><span class='ocrx_word' id='word_1_28' title='bbox 409 1301 428 1338; x_wconf 93' lang='lat'>«</span> <span class='ocrx_word' id='word_1_29' title='bbox 446 1284 578 1349; x_wconf 73' lang='lat' dir='ltr'>domam</span> <span class='ocrx_word' id='word_1_30' title='bbox 590 1278 696 1360; x_wconf 77' lang='lat' dir='ltr'>fidem</span> <span class='ocrx_word' id='word_1_31' title='bbox 717 1263 948 1358; x_wconf 88' lang='lat' dir='ltr'>appellaruut.</span> <span class='ocrx_word' id='word_1_32' title='bbox 969 1288 984 1328; x_wconf 81' lang='lat' dir='ltr'>u</span> 
     </span>
     <span class='ocr_line' id='line_1_7' title="bbox 458 1385 1399 1481; baseline -0.003 -23"><span class='ocrx_word' id='word_1_33' title='bbox 458 1425 476 1459; x_wconf 78' lang='lat' dir='ltr'>u</span> <span class='ocrx_word' id='word_1_34' title='bbox 499 1396 545 1463; x_wconf 86' lang='lat' dir='ltr'>De</span> <span class='ocrx_word' id='word_1_35' title='bbox 560 1404 715 1481; x_wconf 89' lang='lat' dir='ltr'>tempore</span> <span class='ocrx_word' id='word_1_36' title='bbox 731 1389 872 1478; x_wconf 87' lang='lat' dir='ltr'>insuper</span> <span class='ocrx_word' id='word_1_37' title='bbox 898 1407 968 1477; x_wconf 89' lang='lat' dir='ltr'>quo</span> <span class='ocrx_word' id='word_1_38' title='bbox 997 1385 1086 1456; x_wconf 86' lang='lat' dir='ltr'>liber</span> <span class='ocrx_word' id='word_1_39' title='bbox 1102 1387 1157 1454; x_wconf 90' lang='lat' dir='ltr'>hio</span> <span class='ocrx_word' id='word_1_40' title='bbox 1186 1385 1399 1476; x_wconf 91' lang='lat' dir='ltr'>compositus</span> 
     </span>
    </p>
   </div>
   <div class='ocr_carea' id='block_1_4' title="bbox 405 1509 1399 1971">
    <p class='ocr_par' dir='ltr' id='par_1_4' title="bbox 405 1509 1399 1971">
     <span class='ocr_line' id='line_1_8' title="bbox 405 1509 1398 1606; baseline -0.017 -14"><span class='ocrx_word' id='word_1_41' title='bbox 405 1519 523 1601; x_wconf 85' lang='lat' dir='ltr'>tuerit,</span> <span class='ocrx_word' id='word_1_42' title='bbox 539 1514 691 1606; x_wconf 86' lang='lat' dir='ltr'>loquitur</span> <span class='ocrx_word' id='word_1_43' title='bbox 718 1509 873 1603; x_wconf 81' lang='lat' dir='ltr'>synodus</span> <span class='ocrx_word' id='word_1_44' title='bbox 905 1510 1216 1602; x_wconf 75' lang='lat' dir='ltr'>Hierosolymitana</span> <span class='ocrx_word' id='word_1_45' title='bbox 1250 1509 1313 1578; x_wconf 90' lang='lat' dir='ltr'>sub</span> <span class='ocrx_word' id='word_1_46' title='bbox 1333 1528 1398 1598; x_wconf 91' lang='lat' dir='ltr'>pa-</span> 
     </span>
     <span class='ocr_line' id='line_1_9' title="bbox 405 1630 1399 1715; baseline -0.014 -1"><span class='ocrx_word' id='word_1_47' title='bbox 405 1636 560 1714; x_wconf 85' lang='lat' dir='ltr'>triarcha</span> <span class='ocrx_word' id='word_1_48' title='bbox 587 1633 745 1706; x_wconf 75' lang='lat' dir='ltr'>Dositheo</span> <span class='ocrx_word' id='word_1_49' title='bbox 773 1633 962 1715; x_wconf 88' lang='lat' dir='ltr'>celebrata,</span> <span class='ocrx_word' id='word_1_50' title='bbox 991 1653 1084 1700; x_wconf 92' lang='lat' dir='ltr'>anno</span> <span class='ocrx_word' id='word_1_51' title='bbox 1115 1634 1222 1714; x_wconf 65' lang='lat' dir='ltr'>lssl‘t,</span> <span class='ocrx_word' id='word_1_52' title='bbox 1244 1632 1278 1698; x_wconf 90' lang='lat' dir='ltr'>in</span> <span class='ocrx_word' id='word_1_53' title='bbox 1307 1630 1399 1700; x_wconf 89' lang='lat' dir='ltr'>hono</span> 
     </span>
     <span class='ocr_line' id='line_1_10' title="bbox 406 1755 1398 1848; baseline -0.013 -14"><span class='ocrx_word' id='word_1_54' title='bbox 406 1762 550 1834; x_wconf 92' lang='lat' dir='ltr'>modom</span> <span class='ocrx_word' id='word_1_55' title='bbox 575 1788 581 1829; x_wconf 93' lang='lat'><strong>:</strong></span> <span class='ocrx_word' id='word_1_56' title='bbox 601 1761 691 1828; x_wconf 87' lang='lat' dir='ltr'>Ante</span> <span class='ocrx_word' id='word_1_57' title='bbox 709 1756 772 1828; x_wconf 92' lang='lat' dir='ltr'>hos</span> <span class='ocrx_word' id='word_1_58' title='bbox 789 1778 850 1826; x_wconf 88' lang='lat' dir='ltr'>sex</span> <span class='ocrx_word' id='word_1_59' title='bbox 879 1757 1008 1848; x_wconf 89' lang='lat' dir='ltr'>septies</span> <span class='ocrx_word' id='word_1_60' title='bbox 1026 1757 1178 1825; x_wconf 84' lang='lat' dir='ltr'>maxime</span> <span class='ocrx_word' id='word_1_61' title='bbox 1199 1777 1308 1825; x_wconf 90' lang='lat' dir='ltr'>annos</span> <span class='ocrx_word' id='word_1_62' title='bbox 1324 1755 1398 1846; x_wconf 84' lang='lat' dir='ltr'>(igi-</span> 
     </span>
     <span class='ocr_line' id='line_1_11' title="bbox 411 1877 1395 1971; baseline -0.008 -19"><span class='ocrx_word' id='word_1_63' title='bbox 411 1894 468 1952; x_wconf 88' lang='lat' dir='ltr'>tur</span> <span class='ocrx_word' id='word_1_64' title='bbox 495 1904 551 1952; x_wconf 91' lang='lat' dir='ltr'>an.</span> <span class='ocrx_word' id='word_1_65' title='bbox 571 1880 692 1971; x_wconf 72' lang='lat' dir='ltr'>toto),</span> <span class='ocrx_word' id='word_1_66' title='bbox 715 1880 749 1947; x_wconf 95' lang='lat' dir='ltr'>in</span> <span class='ocrx_word' id='word_1_67' title='bbox 767 1878 877 1948; x_wconf 87' lang='lat' dir='ltr'>lucem</span> <span class='ocrx_word' id='word_1_68' title='bbox 909 1878 995 1946; x_wconf 87' lang='lat' dir='ltr'>libor</span> <span class='ocrx_word' id='word_1_69' title='bbox 1026 1879 1091 1946; x_wconf 93' lang='lat' dir='ltr'>hoc</span> <span class='ocrx_word' id='word_1_70' title='bbox 1114 1878 1212 1948; x_wconf 91' lang='lat' dir='ltr'>titulo</span> <span class='ocrx_word' id='word_1_71' title='bbox 1240 1877 1395 1970; x_wconf 91' lang='lat' dir='ltr'>prodiit:</span> 
     </span>
    </p>
   </div>
   <div class='ocr_carea' id='block_1_5' title="bbox 407 2002 1399 2214">
    <p class='ocr_par' dir='ltr' id='par_1_5' title="bbox 407 2002 1399 2214">
     <span class='ocr_line' id='line_1_12' title="bbox 410 2002 1399 2097; baseline -0.015 -14"><span class='ocrx_word' id='word_1_72' title='bbox 410 2014 594 2097; x_wconf 78' lang='lat' dir='ltr'><em>Confessio</em></span> <span class='ocrx_word' id='word_1_73' title='bbox 611 2006 810 2078; x_wconf 78' lang='lat' dir='ltr'>orthodoaca</span> <span class='ocrx_word' id='word_1_74' title='bbox 826 2011 996 2075; x_wconf 77' lang='lat' dir='ltr'>Ecclesiae</span> <span class='ocrx_word' id='word_1_75' title='bbox 1014 2011 1220 2076; x_wconf 71' lang='lat' dir='ltr'>orientalis,</span> <span class='ocrx_word' id='word_1_76' title='bbox 1242 2002 1399 2090; x_wconf 79' lang='lat' dir='ltr'><strong>Scriptus</strong></span> 
     </span>
     <span class='ocr_line' id='line_1_13' title="bbox 407 2121 1399 2214; baseline -0.004 -22"><span class='ocrx_word' id='word_1_77' title='bbox 407 2126 465 2192; x_wconf 88' lang='lat' dir='ltr'>ille</span> <span class='ocrx_word' id='word_1_78' title='bbox 479 2123 620 2214; x_wconf 88' lang='lat' dir='ltr'>quidem</span> <span class='ocrx_word' id='word_1_79' title='bbox 637 2142 655 2190; x_wconf 91' lang='lat' dir='ltr'>a</span> <span class='ocrx_word' id='word_1_80' title='bbox 672 2121 889 2189; x_wconf 88' lang='lat' dir='ltr'>sanctissimo</span> <span class='ocrx_word' id='word_1_81' title='bbox 906 2121 965 2187; x_wconf 92' lang='lat' dir='ltr'>illo</span> <span class='ocrx_word' id='word_1_82' title='bbox 987 2121 1202 2212; x_wconf 79' lang='lat' dir='ltr'><strong>metropolita</strong></span> <span class='ocrx_word' id='word_1_83' title='bbox 1221 2121 1399 2190; x_wconf 87' lang='lat' dir='ltr'>Kioviensi</span> 
     </span>
    </p>
   </div>
   <div class='ocr_carea' id='block_1_6' title="bbox 314 2242 1401 4066">
    <p class='ocr_par' dir='ltr' id='par_1_6' title="bbox 406 2242 1400 2804">
     <span class='ocr_line' id='line_1_14' title="bbox 406 2242 1395 2336; baseline -0.004 -20"><span class='ocrx_word' id='word_1_84' title='bbox 406 2247 509 2316; x_wconf 90' lang='lat' dir='ltr'>Petro</span> <span class='ocrx_word' id='word_1_85' title='bbox 535 2244 699 2336; x_wconf 80' lang='lat' dir='ltr'>(lllogila),</span> <span class='ocrx_word' id='word_1_86' title='bbox 720 2242 781 2312; x_wconf 87' lang='lat' dir='ltr'>sed</span> <span class='ocrx_word' id='word_1_87' title='bbox 808 2242 992 2312; x_wconf 78' lang='lat' dir='ltr'>dilucidior</span> <span class='ocrx_word' id='word_1_88' title='bbox 1016 2243 1302 2336; x_wconf 88' lang='lat' dir='ltr'>emendatiorque</span> <span class='ocrx_word' id='word_1_89' title='bbox 1321 2245 1395 2312; x_wconf 88' lang='lat' dir='ltr'>fac-</span> 
     </span>
     <span class='ocr_line' id='line_1_15' title="bbox 407 2365 1399 2458; baseline -0.002 -21"><span class='ocrx_word' id='word_1_90' title='bbox 407 2381 475 2451; x_wconf 88' lang='lat' dir='ltr'>tus,</span> <span class='ocrx_word' id='word_1_91' title='bbox 507 2369 607 2458; x_wconf 86' lang='lat' dir='ltr'>jussu</span> <span class='ocrx_word' id='word_1_92' title='bbox 636 2367 760 2458; x_wconf 82' lang='lat' dir='ltr'>synodi</span> <span class='ocrx_word' id='word_1_93' title='bbox 795 2365 989 2434; x_wconf 87' lang='lat' dir='ltr'>Glasoensis</span> <span class='ocrx_word' id='word_1_94' title='bbox 1020 2366 1115 2458; x_wconf 78' lang='lat' dir='ltr'>(lege</span> <span class='ocrx_word' id='word_1_95' title='bbox 1153 2367 1399 2458; x_wconf 77' lang='lat' dir='ltr'>lasserrsisl,a</span> 
     </span>
     <span class='ocr_line' id='line_1_16' title="bbox 407 2489 1400 2582; baseline -0.003 -21"><span class='ocrx_word' id='word_1_96' title='bbox 407 2491 545 2561; x_wconf 89' lang='lat' dir='ltr'>llleletio</span> <span class='ocrx_word' id='word_1_97' title='bbox 562 2490 685 2582; x_wconf 68' lang='lat' dir='ltr'>syrigo</span> <span class='ocrx_word' id='word_1_98' title='bbox 703 2489 872 2570; x_wconf 90' lang='lat' dir='ltr'>Cretensi,</span> <span class='ocrx_word' id='word_1_99' title='bbox 890 2510 992 2580; x_wconf 81' lang='lat' dir='ltr'>quent</span> <span class='ocrx_word' id='word_1_100' title='bbox 1009 2489 1133 2557; x_wconf 85' lang='lat' dir='ltr'>librum</span> <span class='ocrx_word' id='word_1_101' title='bbox 1148 2503 1183 2558; x_wconf 86' lang='lat' dir='ltr'>at</span> <span class='ocrx_word' id='word_1_102' title='bbox 1197 2501 1269 2560; x_wconf 94' lang='lat' dir='ltr'>tum</span> <span class='ocrx_word' id='word_1_103' title='bbox 1283 2491 1400 2582; x_wconf 88' lang='lat' dir='ltr'>utique</span> 
     </span>
     <span class='ocr_line' id='line_1_17' title="bbox 407 2612 1399 2704; baseline 0 -22"><span class='ocrx_word' id='word_1_104' title='bbox 407 2613 552 2704; x_wconf 87' lang='lat' dir='ltr'>recepit,</span> <span class='ocrx_word' id='word_1_105' title='bbox 568 2625 602 2678; x_wconf 87' lang='lat' dir='ltr'>ot</span> <span class='ocrx_word' id='word_1_106' title='bbox 617 2633 708 2681; x_wconf 88' lang='lat' dir='ltr'>nuno</span> <span class='ocrx_word' id='word_1_107' title='bbox 725 2613 830 2684; x_wconf 88' lang='lat' dir='ltr'>etiam</span> <span class='ocrx_word' id='word_1_108' title='bbox 847 2613 968 2703; x_wconf 81' lang='lat' dir='ltr'>recipit</span> <span class='ocrx_word' id='word_1_109' title='bbox 986 2612 1146 2680; x_wconf 88' lang='lat' dir='ltr'>univorsa</span> <span class='ocrx_word' id='word_1_110' title='bbox 1162 2613 1263 2704; x_wconf 88' lang='lat' dir='ltr'>plano</span> <span class='ocrx_word' id='word_1_111' title='bbox 1282 2613 1399 2683; x_wconf 85' lang='lat' dir='ltr'>Eccle-</span> 
     </span>
     <span class='ocr_line' id='line_1_18' title="bbox 407 2733 727 2804; baseline -0.019 0"><span class='ocrx_word' id='word_1_112' title='bbox 407 2733 695 2804; x_wconf 79' lang='lat' dir='ltr'>siaOrientalis.»</span> <span class='ocrx_word' id='word_1_113' title='bbox 723 2761 727 2772; x_wconf 94' lang='lat'>·</span> 
     </span>
    </p>

    <p class='ocr_par' dir='ltr' id='par_1_7' title="bbox 314 2855 1401 4066">
     <span class='ocr_line' id='line_1_19' title="bbox 457 2855 1400 2950; baseline 0.006 -26"><span class='ocrx_word' id='word_1_114' title='bbox 457 2856 559 2925; x_wconf 91' lang='lat' dir='ltr'>Nullo</span> <span class='ocrx_word' id='word_1_115' title='bbox 576 2867 763 2950; x_wconf 77' lang='lat' dir='ltr'>eapropter</span> <span class='ocrx_word' id='word_1_116' title='bbox 780 2857 945 2927; x_wconf 80' lang='lat' dir='ltr'>securiori</span> <span class='ocrx_word' id='word_1_117' title='bbox 962 2855 1068 2932; x_wconf 89' lang='lat' dir='ltr'>ductu</span> <span class='ocrx_word' id='word_1_118' title='bbox 1088 2856 1251 2948; x_wconf 80' lang='lat' dir='ltr'>dogmata</span> <span class='ocrx_word' id='word_1_119' title='bbox 1283 2882 1302 2929; x_wconf 92' lang='lat' dir='ltr'>a</span> <span class='ocrx_word' id='word_1_120' title='bbox 1326 2863 1400 2932; x_wconf 89' lang='lat' dir='ltr'>Ru-</span> 
     </span>
     <span class='ocr_line' id='line_1_20' title="bbox 314 2961 1401 3074; baseline 0.007 -24"><span class='ocrx_word' id='word_1_121' title='bbox 314 2961 317 2968; x_wconf 29' lang='lat'><em>*</em></span> <span class='ocrx_word' id='word_1_122' title='bbox 409 2981 522 3050; x_wconf 87' lang='lat' dir='ltr'>thenis</span> <span class='ocrx_word' id='word_1_123' title='bbox 536 2982 688 3074; x_wconf 87' lang='lat' dir='ltr'>professa</span> <span class='ocrx_word' id='word_1_124' title='bbox 702 2983 911 3072; x_wconf 82' lang='lat' dir='ltr'>investigare</span> <span class='ocrx_word' id='word_1_125' title='bbox 926 2981 1019 3065; x_wconf 89' lang='lat' dir='ltr'>licet,</span> <span class='ocrx_word' id='word_1_126' title='bbox 1032 2995 1088 3050; x_wconf 91' lang='lat' dir='ltr'>aut</span> <span class='ocrx_word' id='word_1_127' title='bbox 1101 2984 1336 3056; x_wconf 82' lang='lat' dir='ltr'>examinanda</span> <span class='ocrx_word' id='word_1_128' title='bbox 1348 2999 1401 3061; x_wconf 87' lang='lat' dir='ltr'>est</span> 
     </span>
     <span class='ocr_line' id='line_1_21' title="bbox 408 3105 1401 3206; baseline 0.012 -32"><span class='ocrx_word' id='word_1_129' title='bbox 408 3105 573 3192; x_wconf 79' lang='lat' dir='ltr'>Ecclesia,</span> <span class='ocrx_word' id='word_1_130' title='bbox 592 3105 689 3194; x_wconf 82' lang='lat' dir='ltr'>cujus</span> <span class='ocrx_word' id='word_1_131' title='bbox 706 3107 956 3176; x_wconf 85' lang='lat' dir='ltr'>confessionem</span> <span class='ocrx_word' id='word_1_132' title='bbox 981 3117 1051 3175; x_wconf 90' lang='lat' dir='ltr'>tota</span> <span class='ocrx_word' id='word_1_133' title='bbox 1070 3106 1216 3190; x_wconf 81' lang='lat' dir='ltr'>Graecia,</span> <span class='ocrx_word' id='word_1_134' title='bbox 1238 3119 1401 3206; x_wconf 90' lang='lat' dir='ltr'>totusque</span> 
     </span>
     <span class='ocr_line' id='line_1_22' title="bbox 408 3217 1401 3326; baseline 0.011 -27"><span class='ocrx_word' id='word_1_135' title='bbox 408 3230 532 3299; x_wconf 87' lang='lat' dir='ltr'>Oriens</span> <span class='ocrx_word' id='word_1_136' title='bbox 547 3241 581 3298; x_wconf 89' lang='lat' dir='ltr'>et</span> <span class='ocrx_word' id='word_1_137' title='bbox 596 3229 765 3324; x_wconf 82' lang='lat' dir='ltr'>approbat</span> <span class='ocrx_word' id='word_1_138' title='bbox 778 3241 811 3300; x_wconf 88' lang='lat' dir='ltr'>et</span> <span class='ocrx_word' id='word_1_139' title='bbox 822 3229 1051 3322; x_wconf 84' lang='lat' dir='ltr'>amplectitur.</span> <span class='ocrx_word' id='word_1_140' title='bbox 1064 3217 1216 3326; x_wconf 80' lang='lat' dir='ltr'>ludoque</span> <span class='ocrx_word' id='word_1_141' title='bbox 1234 3237 1401 3310; x_wconf 89' lang='lat' dir='ltr'>evanidas</span> 
     </span>
     <span class='ocr_line' id='line_1_23' title="bbox 407 3351 1400 3454; baseline 0.001 -31"><span class='ocrx_word' id='word_1_142' title='bbox 407 3355 481 3425; x_wconf 88' lang='lat' dir='ltr'>sive</span> <span class='ocrx_word' id='word_1_143' title='bbox 510 3351 669 3427; x_wconf 84' lang='lat' dir='ltr'>fictiones</span> <span class='ocrx_word' id='word_1_144' title='bbox 696 3357 771 3425; x_wconf 86' lang='lat' dir='ltr'>sive</span> <span class='ocrx_word' id='word_1_145' title='bbox 800 3355 1093 3446; x_wconf 87' lang='lat' dir='ltr'>aequivocationes</span> <span class='ocrx_word' id='word_1_146' title='bbox 1111 3369 1291 3428; x_wconf 89' lang='lat' dir='ltr'>auctorum</span> <span class='ocrx_word' id='word_1_147' title='bbox 1319 3364 1400 3454; x_wconf 89' lang='lat' dir='ltr'>plu.</span> 
     </span>
     <span class='ocr_line' id='line_1_24' title="bbox 408 3477 1398 3572; baseline 0.01 -24"><span class='ocrx_word' id='word_1_148' title='bbox 408 3479 495 3548; x_wconf 87' lang='lat' dir='ltr'>rium</span> <span class='ocrx_word' id='word_1_149' title='bbox 512 3477 640 3556; x_wconf 85' lang='lat' dir='ltr'>lacere;</span> <span class='ocrx_word' id='word_1_150' title='bbox 662 3498 748 3568; x_wconf 92' lang='lat' dir='ltr'>quos</span> <span class='ocrx_word' id='word_1_151' title='bbox 765 3499 809 3545; x_wconf 86' lang='lat' dir='ltr'>ex</span> <span class='ocrx_word' id='word_1_152' title='bbox 827 3478 879 3546; x_wconf 92' lang='lat' dir='ltr'>his</span> <span class='ocrx_word' id='word_1_153' title='bbox 899 3499 980 3569; x_wconf 88' lang='lat' dir='ltr'>quae</span> <span class='ocrx_word' id='word_1_154' title='bbox 999 3478 1069 3550; x_wconf 93' lang='lat' dir='ltr'>vidi</span> <span class='ocrx_word' id='word_1_155' title='bbox 1085 3501 1241 3572; x_wconf 82' lang='lat' dir='ltr'>praesens</span> <span class='ocrx_word' id='word_1_156' title='bbox 1262 3487 1317 3554; x_wconf 87' lang='lat' dir='ltr'>val</span> <span class='ocrx_word' id='word_1_157' title='bbox 1336 3487 1398 3558; x_wconf 92' lang='lat' dir='ltr'>de-</span> 
     </span>
     <span class='ocr_line' id='line_1_25' title="bbox 409 3599 1399 3696; baseline 0.017 -30"><span class='ocrx_word' id='word_1_158' title='bbox 409 3600 579 3692; x_wconf 89' lang='lat' dir='ltr'>cipientes</span> <span class='ocrx_word' id='word_1_159' title='bbox 613 3599 669 3667; x_wconf 89' lang='lat' dir='ltr'>vel</span> <span class='ocrx_word' id='word_1_160' title='bbox 700 3599 864 3693; x_wconf 89' lang='lat' dir='ltr'>deceptos</span> <span class='ocrx_word' id='word_1_161' title='bbox 897 3602 1031 3670; x_wconf 88' lang='lat' dir='ltr'>notavi.</span> <span class='ocrx_word' id='word_1_162' title='bbox 1053 3603 1122 3672; x_wconf 92' lang='lat' dir='ltr'>Hos</span> <span class='ocrx_word' id='word_1_163' title='bbox 1147 3615 1181 3672; x_wconf 92' lang='lat' dir='ltr'>ut</span> <span class='ocrx_word' id='word_1_164' title='bbox 1211 3606 1399 3696; x_wconf 90' lang='lat' dir='ltr'>plurimum</span> 
     </span>
     <span class='ocr_line' id='line_1_26' title="bbox 409 3720 1399 3816; baseline 0.002 -26"><span class='ocrx_word' id='word_1_165' title='bbox 409 3721 623 3791; x_wconf 88' lang='lat' dir='ltr'>Lutheranos</span> <span class='ocrx_word' id='word_1_166' title='bbox 640 3720 802 3806; x_wconf 86' lang='lat' dir='ltr'>observo,</span> <span class='ocrx_word' id='word_1_167' title='bbox 829 3724 888 3816; x_wconf 89' lang='lat' dir='ltr'>qui</span> <span class='ocrx_word' id='word_1_168' title='bbox 906 3737 1026 3793; x_wconf 89' lang='lat' dir='ltr'>contra</span> <span class='ocrx_word' id='word_1_169' title='bbox 1056 3723 1243 3812; x_wconf 76' lang='lat' dir='ltr'>nouenos,</span> <span class='ocrx_word' id='word_1_170' title='bbox 1263 3744 1320 3801; x_wconf 90' lang='lat' dir='ltr'>aut</span> <span class='ocrx_word' id='word_1_171' title='bbox 1340 3757 1399 3807; x_wconf 75' lang='lat' dir='ltr'>aa.</span> 
     </span>
     <span class='ocr_line' id='line_1_27' title="bbox 411 3845 1397 3938; baseline 0.014 -24"><span class='ocrx_word' id='word_1_172' title='bbox 411 3845 492 3914; x_wconf 85' lang='lat' dir='ltr'>lanri</span> <span class='ocrx_word' id='word_1_173' title='bbox 512 3845 642 3938; x_wconf 90' lang='lat' dir='ltr'>pruritu</span> <span class='ocrx_word' id='word_1_174' title='bbox 669 3847 883 3938; x_wconf 84' lang='lat' dir='ltr'>impellente,</span> <span class='ocrx_word' id='word_1_175' title='bbox 906 3848 1114 3918; x_wconf 87' lang='lat' dir='ltr'>rusticorum</span> <span class='ocrx_word' id='word_1_176' title='bbox 1140 3849 1262 3922; x_wconf 86' lang='lat' dir='ltr'>deliria</span> <span class='ocrx_word' id='word_1_177' title='bbox 1292 3860 1397 3928; x_wconf 85' lang='lat' dir='ltr'>refri-</span> 
     </span>
     <span class='ocr_line' id='line_1_28' title="bbox 410 3967 1400 4066; baseline 0.012 -32"><span class='ocrx_word' id='word_1_178' title='bbox 410 3979 503 4048; x_wconf 88' lang='lat' dir='ltr'>cant,</span> <span class='ocrx_word' id='word_1_179' title='bbox 538 3978 596 4034; x_wconf 94' lang='lat' dir='ltr'>aut</span> <span class='ocrx_word' id='word_1_180' title='bbox 643 3967 852 4060; x_wconf 87' lang='lat' dir='ltr'>implacabili</span> <span class='ocrx_word' id='word_1_181' title='bbox 880 3970 915 4038; x_wconf 96' lang='lat' dir='ltr'>in</span> <span class='ocrx_word' id='word_1_182' title='bbox 959 3969 1025 4038; x_wconf 89' lang='lat' dir='ltr'>sibi</span> <span class='ocrx_word' id='word_1_183' title='bbox 1067 3971 1190 4042; x_wconf 87' lang='lat' dir='ltr'>devios</span> <span class='ocrx_word' id='word_1_184' title='bbox 1225 3974 1400 4066; x_wconf 77' lang='lat' dir='ltr'>phraenesi</span> 
     </span>
    </p>
   </div>
   <div class='ocr_carea' id='block_1_7' title="bbox 0 0 1596 5130">
    <p class='ocr_par' dir='ltr' id='par_1_8' title="bbox 0 0 1596 5130">
     <span class='ocr_line' id='line_1_29' title="bbox 0 0 1596 5130; baseline 0 0"><span class='ocrx_word' id='word_1_185' title='bbox 0 0 1596 5130; x_wconf 95' lang='lat' dir='ltr'> </span> 
     </span>
    </p>
   </div>
  </div>
 </body>
</html>
