<?xml version="1.0" encoding="UTF-8"?>
<!DOCTYPE html PUBLIC "-//W3C//DTD XHTML 1.0 Transitional//EN"
    "http://www.w3.org/TR/xhtml1/DTD/xhtml1-transitional.dtd">
<html xmlns="http://www.w3.org/1999/xhtml" xml:lang="en" lang="en">
 <head>
  <title>
</title>
<meta http-equiv="Content-Type" content="text/html;charset=utf-8" />
  <meta name='ocr-system' content='tesseract 3.04.00' />
  <meta name='ocr-capabilities' content='ocr_page ocr_carea ocr_par ocr_line ocrx_word'/>
</head>
<body>
  <div class='ocr_page' id='page_1' title='image "./brevisenarratio00ribegoog/brevisenarratio00ribegoog_0188.png"; bbox 0 0 3172 5130; ppageno 0'>
   <div class='ocr_carea' id='block_1_1' title="bbox 344 926 1088 1044">
    <p class='ocr_par' dir='ltr' id='par_1_1' title="bbox 344 926 1088 1044">
     <span class='ocr_line' id='line_1_1' title="bbox 344 926 1088 1044; baseline -0.001 -45"><span class='ocrx_word' id='word_1_1' title='bbox 344 1038 348 1044; x_wconf 1' lang='lat' dir='ltr'>p</span> <span class='ocrx_word' id='word_1_2' title='bbox 426 926 649 1000; x_wconf 71' lang='lat' dir='ltr'>arcuatim</span> <span class='ocrx_word' id='word_1_3' title='bbox 669 928 735 1032; x_wconf 76' lang='lat' dir='ltr'>viu</span> <span class='ocrx_word' id='word_1_4' title='bbox 750 927 805 1022; x_wconf 73' lang='lat' dir='ltr'>(aa</span> <span class='ocrx_word' id='word_1_5' title='bbox 824 949 903 1022; x_wconf 75' lang='lat' dir='ltr'>pag.</span> <span class='ocrx_word' id='word_1_6' title='bbox 927 928 998 1020; x_wconf 81' lang='lat' dir='ltr'>aa).</span> <span class='ocrx_word' id='word_1_7' title='bbox 1084 975 1088 982; x_wconf 79' lang='grc'><em>.</em></span> 
     </span>
    </p>
   </div>
   <div class='ocr_carea' id='block_1_2' title="bbox 200 1189 1263 3223">
    <p class='ocr_par' dir='ltr' id='par_1_2' title="bbox 200 1189 1263 2740">
     <span class='ocr_line' id='line_1_2' title="bbox 273 1189 1205 1283; baseline 0 -25"><span class='ocrx_word' id='word_1_8' title='bbox 273 1217 290 1251; x_wconf 88' lang='lat'>«</span> <span class='ocrx_word' id='word_1_9' title='bbox 305 1191 458 1260; x_wconf 81' lang='lat' dir='ltr'>Tertium</span> <span class='ocrx_word' id='word_1_10' title='bbox 472 1203 684 1283; x_wconf 87' lang='lat' dir='ltr'>praeceptum</span> <span class='ocrx_word' id='word_1_11' title='bbox 696 1189 861 1261; x_wconf 73' lang='lat' dir='ltr'>Ecclesiae</span> <span class='ocrx_word' id='word_1_12' title='bbox 872 1193 922 1258; x_wconf 89' lang='lat' dir='ltr'>sic</span> <span class='ocrx_word' id='word_1_13' title='bbox 935 1191 1080 1282; x_wconf 85' lang='lat' dir='ltr'>exponit</span> <span class='ocrx_word' id='word_1_14' title='bbox 1090 1193 1205 1258; x_wconf 78' lang='lat' dir='ltr'>Echo:</span> 
     </span>
     <span class='ocr_line' id='line_1_3' title="bbox 200 1310 1202 1402; baseline -0.003 -21"><span class='ocrx_word' id='word_1_15' title='bbox 200 1311 255 1381; x_wconf 51' lang='lat' dir='ltr'>¹Ut</span> <span class='ocrx_word' id='word_1_16' title='bbox 285 1311 480 1402; x_wconf 73' lang='lat' dir='ltr'>spirituales</span> <span class='ocrx_word' id='word_1_17' title='bbox 505 1314 600 1381; x_wconf 84' lang='lat' dir='ltr'>viros</span> <span class='ocrx_word' id='word_1_18' title='bbox 630 1311 748 1382; x_wconf 81' lang='lat' dir='ltr'>debita</span> <span class='ocrx_word' id='word_1_19' title='bbox 778 1313 932 1382; x_wconf 84' lang='lat' dir='ltr'>colamus</span> <span class='ocrx_word' id='word_1_20' title='bbox 962 1310 1202 1393; x_wconf 85' lang='lat' dir='ltr'>observantia,</span> 
     </span>
     <span class='ocr_line' id='line_1_4' title="bbox 209 1431 1204 1528; baseline -0.004 -24"><span class='ocrx_word' id='word_1_21' title='bbox 209 1433 311 1504; x_wconf 90' lang='lat' dir='ltr'>sicuti</span> <span class='ocrx_word' id='word_1_22' title='bbox 331 1436 389 1503; x_wconf 85' lang='lat' dir='ltr'>Dei</span> <span class='ocrx_word' id='word_1_23' title='bbox 409 1436 584 1505; x_wconf 84' lang='lat' dir='ltr'>ministros</span> <span class='ocrx_word' id='word_1_24' title='bbox 603 1445 637 1504; x_wconf 87' lang='lat' dir='ltr'>et</span> <span class='ocrx_word' id='word_1_25' title='bbox 657 1445 860 1518; x_wconf 83' lang='lat' dir='ltr'>sectatores,</span> <span class='ocrx_word' id='word_1_26' title='bbox 893 1457 955 1528; x_wconf 86' lang='lat' dir='ltr'>pro</span> <span class='ocrx_word' id='word_1_27' title='bbox 985 1434 1084 1502; x_wconf 87' lang='lat' dir='ltr'>nobis</span> <span class='ocrx_word' id='word_1_28' title='bbox 1110 1431 1204 1524; x_wconf 88' lang='lat' dir='ltr'>apud</span> 
     </span>
     <span class='ocr_line' id='line_1_5' title="bbox 210 1557 1200 1650; baseline -0.001 -25"><span class='ocrx_word' id='word_1_29' title='bbox 210 1557 317 1628; x_wconf 87' lang='lat' dir='ltr'>Deum</span> <span class='ocrx_word' id='word_1_30' title='bbox 336 1557 593 1650; x_wconf 89' lang='lat' dir='ltr'>deprecatores.</span> <span class='ocrx_word' id='word_1_31' title='bbox 618 1558 784 1649; x_wconf 79' lang='lat' dir='ltr'>Inprimis</span> <span class='ocrx_word' id='word_1_32' title='bbox 801 1569 917 1637; x_wconf 82' lang='lat' dir='ltr'>autem</span> <span class='ocrx_word' id='word_1_33' title='bbox 941 1579 1014 1639; x_wconf 86' lang='lat' dir='ltr'>eos,</span> <span class='ocrx_word' id='word_1_34' title='bbox 1045 1557 1106 1648; x_wconf 87' lang='lat' dir='ltr'>qui</span> <span class='ocrx_word' id='word_1_35' title='bbox 1125 1569 1200 1624; x_wconf 88' lang='lat' dir='ltr'>tau-</span> 
     </span>
     <span class='ocr_line' id='line_1_6' title="bbox 209 1681 1203 1774; baseline 0 -25"><span class='ocrx_word' id='word_1_36' title='bbox 209 1701 311 1771; x_wconf 84' lang='lat' dir='ltr'>quam</span> <span class='ocrx_word' id='word_1_37' title='bbox 331 1693 445 1774; x_wconf 86' lang='lat' dir='ltr'>patrcs</span> <span class='ocrx_word' id='word_1_38' title='bbox 462 1682 662 1774; x_wconf 75' lang='lat' dir='ltr'>spirituales</span> <span class='ocrx_word' id='word_1_39' title='bbox 677 1683 914 1753; x_wconf 81' lang='lat' dir='ltr'>corrtessioues</span> <span class='ocrx_word' id='word_1_40' title='bbox 935 1694 1069 1758; x_wconf 85' lang='lat' dir='ltr'>nostras</span> <span class='ocrx_word' id='word_1_41' title='bbox 1085 1681 1203 1752; x_wconf 87' lang='lat' dir='ltr'>susci-</span> 
     </span>
     <span class='ocr_line' id='line_1_7' title="bbox 212 1803 1263 1896; baseline 0.005 -26"><span class='ocrx_word' id='word_1_42' title='bbox 212 1803 321 1894; x_wconf 88' lang='lat' dir='ltr'>piunt,</span> <span class='ocrx_word' id='word_1_43' title='bbox 341 1826 496 1896; x_wconf 87' lang='lat' dir='ltr'>quosque</span> <span class='ocrx_word' id='word_1_44' title='bbox 515 1805 696 1874; x_wconf 85' lang='lat' dir='ltr'>consulere</span> <span class='ocrx_word' id='word_1_45' title='bbox 711 1805 880 1874; x_wconf 84' lang='lat' dir='ltr'>debemus</span> <span class='ocrx_word' id='word_1_46' title='bbox 891 1805 933 1874; x_wconf 90' lang='lat' dir='ltr'>ad</span> <span class='ocrx_word' id='word_1_47' title='bbox 946 1827 1063 1873; x_wconf 86' lang='lat' dir='ltr'>curam</span> <span class='ocrx_word' id='word_1_48' title='bbox 1080 1805 1201 1876; x_wconf 89' lang='lat' dir='ltr'>salutis</span> <span class='ocrx_word' id='word_1_49' title='bbox 1262 1848 1263 1852; x_wconf 60' lang='lat'><em>=</em></span> 
     </span>
     <span class='ocr_line' id='line_1_8' title="bbox 211 1909 1204 2020; baseline 0.002 -26"><span class='ocrx_word' id='word_1_50' title='bbox 211 1940 351 1996; x_wconf 85' lang='lat' dir='ltr'>nostrae.</span> <span class='ocrx_word' id='word_1_51' title='bbox 394 1929 438 1995; x_wconf 89' lang='lat' dir='ltr'>De</span> <span class='ocrx_word' id='word_1_52' title='bbox 474 1927 538 1997; x_wconf 86' lang='lat' dir='ltr'>hoo</span> <span class='ocrx_word' id='word_1_53' title='bbox 567 1940 741 2020; x_wconf 73' lang='lat' dir='ltr'>praecepto</span> <span class='ocrx_word' id='word_1_54' title='bbox 789 1927 838 1997; x_wconf 90' lang='lat' dir='ltr'>sic</span> <span class='ocrx_word' id='word_1_55' title='bbox 862 1929 1039 2018; x_wconf 79' lang='lat' dir='ltr'>Scriptura</span> <span class='ocrx_word' id='word_1_56' title='bbox 1076 1909 1204 1997; x_wconf 62' lang='lat' dir='ltr'>fatur}</span> 
     </span>
     <span class='ocr_line' id='line_1_9' title="bbox 209 2045 1201 2124; baseline 0.002 -14"><span class='ocrx_word' id='word_1_57' title='bbox 209 2045 271 2110; x_wconf 84' lang='lat' dir='ltr'>Sic</span> <span class='ocrx_word' id='word_1_58' title='bbox 291 2063 355 2111; x_wconf 83' lang='lat' dir='ltr'>aas</span> <span class='ocrx_word' id='word_1_59' title='bbox 378 2046 561 2111; x_wconf 73' lang='lat' dir='ltr'>existimet</span> <span class='ocrx_word' id='word_1_60' title='bbox 586 2045 701 2124; x_wconf 82' lang='lat' dir='ltr'>homo,</span> <span class='ocrx_word' id='word_1_61' title='bbox 733 2051 772 2112; x_wconf 85' lang='lat' dir='ltr'>ut</span> <span class='ocrx_word' id='word_1_62' title='bbox 796 2047 985 2114; x_wconf 79' lang='lat' dir='ltr'>ministros</span> <span class='ocrx_word' id='word_1_63' title='bbox 1015 2046 1150 2112; x_wconf 82' lang='lat' dir='ltr'>Gtristi</span> <span class='ocrx_word' id='word_1_64' title='bbox 1169 2051 1201 2112; x_wconf 87' lang='lat' dir='ltr'>et</span> 
     </span>
     <span class='ocr_line' id='line_1_10' title="bbox 211 2155 1198 2266; baseline -0.001 -31"><span class='ocrx_word' id='word_1_65' title='bbox 211 2169 476 2254; x_wconf 82' lang='lat' dir='ltr'>dispensatores</span> <span class='ocrx_word' id='word_1_66' title='bbox 487 2169 744 2266; x_wconf 74' lang='lat' dir='ltr'>mysteriorum</span> <span class='ocrx_word' id='word_1_67' title='bbox 758 2170 835 2235; x_wconf 87' lang='lat' dir='ltr'>Dei.</span> <span class='ocrx_word' id='word_1_68' title='bbox 854 2158 880 2250; x_wconf 81' lang='lat' dir='ltr'>(l</span> <span class='ocrx_word' id='word_1_69' title='bbox 904 2157 982 2227; x_wconf 73' lang='lat' dir='ltr'>Cor·</span> <span class='ocrx_word' id='word_1_70' title='bbox 1000 2159 1060 2241; x_wconf 85' lang='lat' dir='ltr'>IV,</span> <span class='ocrx_word' id='word_1_71' title='bbox 1080 2155 1119 2249; x_wconf 74' lang='lat' dir='ltr'>ll.</span> <span class='ocrx_word' id='word_1_72' title='bbox 1137 2159 1198 2228; x_wconf 78' lang='lat' dir='ltr'>El:</span> 
     </span>
     <span class='ocr_line' id='line_1_11' title="bbox 211 2289 1231 2374; baseline 0.001 -20"><span class='ocrx_word' id='word_1_73' title='bbox 211 2307 382 2374; x_wconf 80' lang='lat' dir='ltr'>ropamas</span> <span class='ocrx_word' id='word_1_74' title='bbox 396 2307 467 2366; x_wconf 80' lang='lat' dir='ltr'>cor,</span> <span class='ocrx_word' id='word_1_75' title='bbox 481 2289 632 2372; x_wconf 80' lang='lat' dir='ltr'>fratrea,</span> <span class='ocrx_word' id='word_1_76' title='bbox 647 2295 687 2354; x_wconf 85' lang='lat' dir='ltr'>at</span> <span class='ocrx_word' id='word_1_77' title='bbox 702 2289 875 2355; x_wconf 81' lang='lat' dir='ltr'>noveritis</span> <span class='ocrx_word' id='word_1_78' title='bbox 894 2307 951 2354; x_wconf 80' lang='lat' dir='ltr'>eoa</span> <span class='ocrx_word' id='word_1_79' title='bbox 966 2291 1028 2372; x_wconf 80' lang='lat' dir='ltr'>pat</span> <span class='ocrx_word' id='word_1_80' title='bbox 1042 2289 1208 2355; x_wconf 83' lang='lat' dir='ltr'>laborant</span> <span class='ocrx_word' id='word_1_81' title='bbox 1230 2297 1231 2300; x_wconf 76' lang='grc'>’</span> 
     </span>
     <span class='ocr_line' id='line_1_12' title="bbox 211 2407 1205 2492; baseline -0.003 -15"><span class='ocrx_word' id='word_1_82' title='bbox 211 2413 308 2476; x_wconf 84' lang='lat' dir='ltr'>inter</span> <span class='ocrx_word' id='word_1_83' title='bbox 322 2427 393 2485; x_wconf 78' lang='lat' dir='ltr'>ooo,</span> <span class='ocrx_word' id='word_1_84' title='bbox 410 2412 444 2472; x_wconf 86' lang='lat' dir='ltr'>ct</span> <span class='ocrx_word' id='word_1_85' title='bbox 465 2413 628 2492; x_wconf 73' lang='lat' dir='ltr'>praeeant</span> <span class='ocrx_word' id='word_1_86' title='bbox 644 2407 742 2474; x_wconf 84' lang='lat' dir='ltr'>cobis</span> <span class='ocrx_word' id='word_1_87' title='bbox 766 2409 815 2492; x_wconf 80' lang='lat' dir='ltr'>irc</span> <span class='ocrx_word' id='word_1_88' title='bbox 829 2407 981 2472; x_wconf 80' lang='lat' dir='ltr'>Domino</span> <span class='ocrx_word' id='word_1_89' title='bbox 1004 2413 1038 2474; x_wconf 88' lang='lat' dir='ltr'>ct</span> <span class='ocrx_word' id='word_1_90' title='bbox 1061 2413 1205 2474; x_wconf 81' lang='lat' dir='ltr'>moneat</span> 
     </span>
     <span class='ocr_line' id='line_1_13' title="bbox 208 2523 1199 2622; baseline -0.004 -26"><span class='ocrx_word' id='word_1_91' title='bbox 208 2547 279 2596; x_wconf 82' lang='lat' dir='ltr'>voc.</span> <span class='ocrx_word' id='word_1_92' title='bbox 309 2527 352 2592; x_wconf 89' lang='lat' dir='ltr'>Ut</span> <span class='ocrx_word' id='word_1_93' title='bbox 376 2525 537 2591; x_wconf 78' lang='lat' dir='ltr'>habeatis</span> <span class='ocrx_word' id='word_1_94' title='bbox 564 2527 644 2592; x_wconf 78' lang='lat' dir='ltr'>illos</span> <span class='ocrx_word' id='word_1_95' title='bbox 672 2523 982 2622; x_wconf 69' lang='lat' dir='ltr'>abundantiasia</span> <span class='ocrx_word' id='word_1_96' title='bbox 1011 2525 1199 2606; x_wconf 71' lang='lat' dir='ltr'>charitate,</span> 
     </span>
     <span class='ocr_line' id='line_1_14' title="bbox 208 2637 1005 2740; baseline -0.014 -21"><span class='ocrx_word' id='word_1_97' title='bbox 208 2657 456 2740; x_wconf 85' lang='lat' dir='ltr'>propteropas</span> <span class='ocrx_word' id='word_1_98' title='bbox 475 2650 632 2716; x_wconf 84' lang='lat' dir='ltr'>illoram.</span> <span class='ocrx_word' id='word_1_99' title='bbox 656 2639 704 2732; x_wconf 82' lang='lat' dir='ltr'>(l,</span> <span class='ocrx_word' id='word_1_100' title='bbox 726 2637 844 2709; x_wconf 79' lang='lat' dir='ltr'>Thess</span> <span class='ocrx_word' id='word_1_101' title='bbox 869 2640 911 2724; x_wconf 85' lang='lat' dir='ltr'>V,</span> <span class='ocrx_word' id='word_1_102' title='bbox 933 2637 1005 2730; x_wconf 73' lang='lat' dir='ltr'>ta).</span> 
     </span>
    </p>

    <p class='ocr_par' dir='ltr' id='par_1_3' title="bbox 204 2759 1208 3223">
     <span class='ocr_line' id='line_1_15' title="bbox 257 2759 1205 2852; baseline 0.009 -22"><span class='ocrx_word' id='word_1_103' title='bbox 257 2763 342 2830; x_wconf 87' lang='lat' dir='ltr'>ltem</span> <span class='ocrx_word' id='word_1_104' title='bbox 377 2759 485 2828; x_wconf 87' lang='lat' dir='ltr'>alibi:</span> <span class='ocrx_word' id='word_1_105' title='bbox 507 2768 663 2834; x_wconf 79' lang='lat' dir='ltr'>Nescitis</span> <span class='ocrx_word' id='word_1_106' title='bbox 685 2768 856 2852; x_wconf 76' lang='lat' dir='ltr'>quoniam</span> <span class='ocrx_word' id='word_1_107' title='bbox 885 2768 947 2852; x_wconf 80' lang='lat' dir='ltr'>pat</span> <span class='ocrx_word' id='word_1_108' title='bbox 972 2769 1010 2832; x_wconf 83' lang='lat' dir='ltr'>ta</span> <span class='ocrx_word' id='word_1_109' title='bbox 1040 2773 1205 2839; x_wconf 84' lang='lat' dir='ltr'>sacrario</span> 
     </span>
     <span class='ocr_line' id='line_1_16' title="bbox 204 2869 1208 2982; baseline -0.016 -18"><span class='ocrx_word' id='word_1_110' title='bbox 204 2897 412 2982; x_wconf 75' lang='lat' dir='ltr'>operantur,</span> <span class='ocrx_word' id='word_1_111' title='bbox 427 2910 505 2976; x_wconf 76' lang='lat' dir='ltr'>quac</span> <span class='ocrx_word' id='word_1_112' title='bbox 530 2891 573 2956; x_wconf 85' lang='lat' dir='ltr'>cle</span> <span class='ocrx_word' id='word_1_113' title='bbox 586 2891 751 2956; x_wconf 83' lang='lat' dir='ltr'>sacrario</span> <span class='ocrx_word' id='word_1_114' title='bbox 766 2894 851 2955; x_wconf 80' lang='lat' dir='ltr'>sant</span> <span class='ocrx_word' id='word_1_115' title='bbox 867 2869 1000 2966; x_wconf 59' lang='lat' dir='ltr'>ecura·</span> <span class='ocrx_word' id='word_1_116' title='bbox 1026 2891 1060 2954; x_wconf 82' lang='lat' dir='ltr'>ci</span> <span class='ocrx_word' id='word_1_117' title='bbox 1072 2893 1134 2974; x_wconf 80' lang='lat' dir='ltr'>qui</span> <span class='ocrx_word' id='word_1_118' title='bbox 1156 2895 1208 2958; x_wconf 87' lang='lat' dir='ltr'>al.</span> 
     </span>
     <span class='ocr_line' id='line_1_17' title="bbox 208 3007 1208 3092; baseline -0.006 -9"><span class='ocrx_word' id='word_1_119' title='bbox 208 3017 282 3084; x_wconf 83' lang='lat' dir='ltr'>tari</span> <span class='ocrx_word' id='word_1_120' title='bbox 306 3012 523 3088; x_wconf 81' lang='lat' dir='ltr'>deserviunt,</span> <span class='ocrx_word' id='word_1_121' title='bbox 552 3029 633 3074; x_wconf 82' lang='lat' dir='ltr'>cam</span> <span class='ocrx_word' id='word_1_122' title='bbox 670 3009 782 3074; x_wconf 87' lang='lat' dir='ltr'>ultori</span> <span class='ocrx_word' id='word_1_123' title='bbox 806 3007 1059 3092; x_wconf 76' lang='lat' dir='ltr'>participant?</span> <span class='ocrx_word' id='word_1_124' title='bbox 1089 3009 1148 3078; x_wconf 89' lang='lat' dir='ltr'>Ita</span> <span class='ocrx_word' id='word_1_125' title='bbox 1176 3017 1208 3081; x_wconf 87' lang='lat' dir='ltr'>ct</span> 
     </span>
     <span class='ocr_line' id='line_1_18' title="bbox 207 3127 1207 3223; baseline -0.007 -22"><span class='ocrx_word' id='word_1_126' title='bbox 207 3133 381 3201; x_wconf 80' lang='lat' dir='ltr'>Dominus</span> <span class='ocrx_word' id='word_1_127' title='bbox 403 3127 644 3196; x_wconf 81' lang='lat' dir='ltr'>ordiaaoitiis</span> <span class='ocrx_word' id='word_1_128' title='bbox 657 3127 1207 3223; x_wconf 59' lang='lat' dir='ltr'>quianapcliarraaauationt</span> 
     </span>
    </p>
   </div>
   <div class='ocr_carea' id='block_1_3' title="bbox 208 3239 1205 3444">
    <p class='ocr_par' dir='ltr' id='par_1_4' title="bbox 208 3239 1205 3444">
     <span class='ocr_line' id='line_1_19' title="bbox 208 3239 1205 3340; baseline -0.012 -15"><span class='ocrx_word' id='word_1_129' title='bbox 208 3255 464 3340; x_wconf 82' lang='lat' dir='ltr'>deEvoopclio</span> <span class='ocrx_word' id='word_1_130' title='bbox 488 3241 648 3330; x_wconf 64' lang='lat' dir='ltr'>viverem</span> <span class='ocrx_word' id='word_1_131' title='bbox 690 3241 768 3310; x_wconf 86' lang='lat' dir='ltr'>Cor.</span> <span class='ocrx_word' id='word_1_132' title='bbox 805 3239 864 3324; x_wconf 71' lang='lat' dir='ltr'>lX,</span> <span class='ocrx_word' id='word_1_133' title='bbox 888 3241 944 3331; x_wconf 82' lang='lat' dir='ltr'>l3)</span> <span class='ocrx_word' id='word_1_134' title='bbox 980 3243 1205 3333; x_wconf 83' lang='lat' dir='ltr'>llursusque:</span> 
     </span>
     <span class='ocr_line' id='line_1_20' title="bbox 212 3355 1203 3444; baseline -0.007 -17"><span class='ocrx_word' id='word_1_135' title='bbox 212 3363 279 3436; x_wconf 85' lang='lat' dir='ltr'>Qui</span> <span class='ocrx_word' id='word_1_136' title='bbox 291 3361 376 3427; x_wconf 83' lang='lat' dir='ltr'>botre</span> <span class='ocrx_word' id='word_1_137' title='bbox 386 3363 553 3444; x_wconf 74' lang='lat' dir='ltr'>praerat</span> <span class='ocrx_word' id='word_1_138' title='bbox 563 3357 778 3441; x_wconf 79' lang='lat' dir='ltr'>presbytcri,</span> <span class='ocrx_word' id='word_1_139' title='bbox 798 3355 937 3438; x_wconf 80' lang='lat' dir='ltr'>duplici</span> <span class='ocrx_word' id='word_1_140' title='bbox 957 3357 1203 3440; x_wconf 78' lang='lat' dir='ltr'>honorcdipai</span> 
     </span>
    </p>
   </div>
   <div class='ocr_carea' id='block_1_4' title="bbox 208 3467 1251 4059">
    <p class='ocr_par' dir='ltr' id='par_1_5' title="bbox 208 3467 1251 4059">
     <span class='ocr_line' id='line_1_21' title="bbox 208 3467 1205 3574; baseline -0.007 -26"><span class='ocrx_word' id='word_1_141' title='bbox 208 3481 431 3550; x_wconf 74' lang='lat' dir='ltr'>acaronita,-</span> <span class='ocrx_word' id='word_1_142' title='bbox 448 3476 609 3544; x_wconf 69' lang='lat' dir='ltr'>marcitae</span> <span class='ocrx_word' id='word_1_143' title='bbox 624 3476 686 3560; x_wconf 80' lang='lat' dir='ltr'>qui</span> <span class='ocrx_word' id='word_1_144' title='bbox 710 3475 874 3542; x_wconf 78' lang='lat' dir='ltr'>laborarat</span> <span class='ocrx_word' id='word_1_145' title='bbox 890 3476 929 3540; x_wconf 82' lang='lat' dir='ltr'>ta</span> <span class='ocrx_word' id='word_1_146' title='bbox 944 3467 1049 3540; x_wconf 80' lang='lat' dir='ltr'>aerbo</span> <span class='ocrx_word' id='word_1_147' title='bbox 1064 3479 1097 3540; x_wconf 87' lang='lat' dir='ltr'>et</span> <span class='ocrx_word' id='word_1_148' title='bbox 1125 3475 1205 3574; x_wconf 82' lang='lat' dir='ltr'>otoc-</span> 
     </span>
     <span class='ocr_line' id='line_1_22' title="bbox 210 3597 1204 3692; baseline 0.002 -24"><span class='ocrx_word' id='word_1_149' title='bbox 210 3613 310 3678; x_wconf 69' lang='lat' dir='ltr'>trina</span> <span class='ocrx_word' id='word_1_150' title='bbox 329 3601 374 3692; x_wconf 91' lang='lat' dir='ltr'>(l.</span> <span class='ocrx_word' id='word_1_151' title='bbox 393 3599 482 3668; x_wconf 83' lang='lat' dir='ltr'>Tim.</span> <span class='ocrx_word' id='word_1_152' title='bbox 500 3599 540 3668; x_wconf 88' lang='lat' dir='ltr'>V.</span> <span class='ocrx_word' id='word_1_153' title='bbox 570 3597 638 3688; x_wconf 75' lang='lat' dir='ltr'>tl).</span> <span class='ocrx_word' id='word_1_154' title='bbox 660 3637 704 3650; x_wconf 92' lang='lat'>-</span> <span class='ocrx_word' id='word_1_155' title='bbox 728 3599 829 3668; x_wconf 81' lang='lat' dir='ltr'>Nefas</span> <span class='ocrx_word' id='word_1_156' title='bbox 847 3605 964 3667; x_wconf 88' lang='lat' dir='ltr'>autem</span> <span class='ocrx_word' id='word_1_157' title='bbox 980 3607 1032 3666; x_wconf 84' lang='lat' dir='ltr'>est</span> <span class='ocrx_word' id='word_1_158' title='bbox 1053 3599 1204 3690; x_wconf 82' lang='lat' dir='ltr'>profanis</span> 
     </span>
     <span class='ocr_line' id='line_1_23' title="bbox 209 3721 1251 3814; baseline -0.002 -18"><span class='ocrx_word' id='word_1_159' title='bbox 209 3736 243 3796; x_wconf 87' lang='lat' dir='ltr'>et</span> <span class='ocrx_word' id='word_1_160' title='bbox 257 3725 355 3796; x_wconf 90' lang='lat' dir='ltr'>laicis</span> <span class='ocrx_word' id='word_1_161' title='bbox 384 3722 585 3793; x_wconf 88' lang='lat' dir='ltr'>homiuibus</span> <span class='ocrx_word' id='word_1_162' title='bbox 606 3723 640 3791; x_wconf 89' lang='lat' dir='ltr'>iu</span> <span class='ocrx_word' id='word_1_163' title='bbox 676 3722 791 3792; x_wconf 89' lang='lat' dir='ltr'>munia</span> <span class='ocrx_word' id='word_1_164' title='bbox 806 3721 999 3814; x_wconf 87' lang='lat' dir='ltr'>spiritualia</span> <span class='ocrx_word' id='word_1_165' title='bbox 1017 3743 1055 3792; x_wconf 86' lang='lat' dir='ltr'>se</span> <span class='ocrx_word' id='word_1_166' title='bbox 1076 3723 1207 3794; x_wconf 86' lang='lat' dir='ltr'>interra</span> <span class='ocrx_word' id='word_1_167' title='bbox 1243 3738 1251 3744; x_wconf 84' lang='lat'>&#39;</span> 
     </span>
     <span class='ocr_line' id='line_1_24' title="bbox 208 3843 1205 3936; baseline -0.005 -18"><span class='ocrx_word' id='word_1_168' title='bbox 208 3859 267 3918; x_wconf 86' lang='lat' dir='ltr'>aut</span> <span class='ocrx_word' id='word_1_169' title='bbox 282 3845 490 3927; x_wconf 81' lang='lat' dir='ltr'>immiscere,</span> <span class='ocrx_word' id='word_1_170' title='bbox 516 3843 654 3916; x_wconf 88' lang='lat' dir='ltr'>dicente</span> <span class='ocrx_word' id='word_1_171' title='bbox 672 3844 852 3936; x_wconf 84' lang='lat' dir='ltr'>apostolo:</span> <span class='ocrx_word' id='word_1_172' title='bbox 875 3847 1037 3927; x_wconf 70' lang='lat' dir='ltr'>Fratres,</span> <span class='ocrx_word' id='word_1_173' title='bbox 1058 3847 1091 3912; x_wconf 77' lang='lat' dir='ltr'>si</span> <span class='ocrx_word' id='word_1_174' title='bbox 1107 3867 1205 3932; x_wconf 80' lang='lat' dir='ltr'>proe-</span> 
     </span>
     <span class='ocr_line' id='line_1_25' title="bbox 208 3969 1200 4059; baseline -0.008 -17"><span class='ocrx_word' id='word_1_175' title='bbox 208 3977 397 4059; x_wconf 77' lang='lat' dir='ltr'>occupatas</span> <span class='ocrx_word' id='word_1_176' title='bbox 409 3969 525 4053; x_wconf 83' lang='lat' dir='ltr'>fuerit</span> <span class='ocrx_word' id='word_1_177' title='bbox 552 3971 654 4038; x_wconf 78' lang='lat' dir='ltr'>torto</span> <span class='ocrx_word' id='word_1_178' title='bbox 684 3971 724 4034; x_wconf 83' lang='lat' dir='ltr'>ia</span> <span class='ocrx_word' id='word_1_179' title='bbox 739 3969 857 4054; x_wconf 80' lang='lat' dir='ltr'>aliquo</span> <span class='ocrx_word' id='word_1_180' title='bbox 883 3969 1018 4050; x_wconf 78' lang='lat' dir='ltr'>delicto,</span> <span class='ocrx_word' id='word_1_181' title='bbox 1043 3989 1104 4036; x_wconf 79' lang='lat' dir='ltr'>coc</span> <span class='ocrx_word' id='word_1_182' title='bbox 1139 3970 1200 4056; x_wconf 81' lang='lat' dir='ltr'>qui</span> 
     </span>
    </p>
   </div>
   <div class='ocr_carea' id='block_1_5' title="bbox 0 0 1590 5130">
    <p class='ocr_par' dir='ltr' id='par_1_6' title="bbox 0 0 1590 5130">
     <span class='ocr_line' id='line_1_26' title="bbox 0 0 1590 5130; baseline 0 0"><span class='ocrx_word' id='word_1_183' title='bbox 0 0 1590 5130; x_wconf 95' lang='lat' dir='ltr'> </span> 
     </span>
    </p>
   </div>
  </div>
 </body>
</html>
