3148 5132
615 635 779 698 ..43-

247 802 420 874 Adoratio
444 802 516 872 lere
548 809 620 872 tota
652 812 688 872 et
718 804 832 875 cultus
869 805 1024 912 exterior
1054 807 1189 878 consis—
1222 781 1259 1022 δ

196 927 237 998 tit
266 927 300 1038 in
333 950 349 996 r
344 937 562 1052 ‘kls
514 925 627 996 crucis
673 925 777 1018 siguis
810 880 1022 1010 formandis3
1062 927 1190 1022 quibus

197 1034 295 1124 more
312 1070 430 1145 graeco
447 1070 484 1121 se
505 1023 644 1118 orantes
670 1027 806 1140 signant
813 1050 967 1139 ,junctis
981 1049 1092 1122 tribus
1109 1073 1190 1124 ma-

175 1193 263 1245 ¹nus
276 1173 414 1244 dextrae
440 1169 637 1260 majusculis
661 1168 778 1261 digitis
813 1179 996 1264 tangentes
1024 1173 1188 1258 frontem,

199 1295 281 1366 inde
310 1306 444 1390 pectus
481 1291 562 1362 dein
589 1290 752 1362 dextrum
779 1293 979 1376 humerum,
1015 1304 1192 1386 postremo

200 1405 381 1493 sinistrum
402 1417 457 1512 (de
479 1437 548 1509 quo
565 1415 721 1486 diximus
738 1415 773 1485 iu
797 1420 809 1484 l
834 1419 936 1488 Parte
954 1417 1047 1488 circa
1063 1429 1190 1511 quaest.

201 1542 271 1636 Ll.)
299 1543 358 1635 (l).
387 1540 456 1611 Vix
487 1538 638 1609 Rutheni
668 1559 767 1608 mane
793 1539 1045 1632 expergefacti,
1075 1563 1191 1612 coram

200 1664 367 1758 imagine,
389 1682 456 1755 qua
476 1681 578 1731 nemo
593 1671 702 1744 caret,
720 1683 783 1754 per
801 1661 934 1754 aliquot
963 1671 1101 1756 tempus
1117 1663 1194 1733 haec

171 1808 173 1814 ’
200 1785 310 1856 crucis
324 1785 422 1877 signa
440 1793 613 1876 repetunt.
636 1783 815 1892 Civiliores
836 1784 1023 1854 nonnullos
1046 1783 1119 1854 vidi
1144 1785 1194 1854 li-

199 1909 292 1981 bello
321 1910 472 2002 quodam
501 1932 614 1994 orare,
637 1911 794 2002 repetitis
811 1911 1094 1982 inclinationibus
1114 1933 1209 2000 cum,

199 2033 313 2104 crucis
343 2034 441 2126 siguo
470 2033 640 2104 adhibito.
661 2031 797 2114 Caeteri,
826 2033 872 2101 nil
908 2035 1192 2125 pronunciantes,

201 2166 437 2250 praeterquam
455 2152 593 2250 Gospodi
609 2152 912 2248 pomr'loilllomine
930 2158 1123 2250 miserere),
1139 2158 1196 2228 vel
1261 2203 1265 2210 κ

201 2283 361 2355 invocato
392 2283 532 2352 nomine
570 2279 761 2364 Trinitatis,
795 2301 916 2350 cruces
948 2281 1193 2374 multiplicant.

201 2406 284 2475 Viso
301 2427 320 2474 e
338 2405 444 2495 longe
459 2403 602 2495 templo,
620 2412 771 2471 erectam
799 2401 950 2494 desuper
966 2425 1106 2474 crucem
1128 2403 1196 2474 eis-

203 2527 283 2597 dem
300 2527 410 2618 signis
427 2525 589 2606 salutant,
605 2545 685 2617 quae
701 2513 746 2593 ad
762 2525 822 2592 vix
840 2543 909 2593 non
929 2535 1066 2594 centum
1089 2546 1197 2618 repe-

205 2661 282 2720 tere
302 2649 375 2719 vidi
396 2648 681 2724 nonnullosCum
697 2660 863 2720 mutuose
878 2649 1031 2733 visitant,
1051 2651 1199 2741 ingressi

203 2774 359 2850 domum.
376 2774 578 2868 priusquam
593 2773 855 2844 circumstantes
873 2775 1023 2844 salutent
1042 2789 1101 2846 aut
1114 2775 1198 2845 allo-

204 2907 372 2989 quantur,
394 2895 618 2966 devotissime
646 2895 711 2989 (ter
729 2895 971 2989 communiter)
990 2918 1095 2967 cruce
1111 2897 1200 2966 lacta

205 3019 351 3090 adorant
376 3019 563 3112 imagines;
584 3020 619 3088 in
636 3015 778 3111 egressu
796 3017 968 3089 similiter.
992 3019 1028 3088 ln
1047 3019 1196 3112 templis

207 3145 442 3240 unusquisque
474 3152 550 3235 posl
580 3143 628 3213 sic
658 3144 825 3213 salutatas
849 3142 1019 3234 imagines
1050 3142 1200 3215 attendit

207 3269 468 3362 presbyterum,
487 3289 565 3337 cum
588 3286 657 3358 quo
675 3265 860 3335 inclinetur
877 3275 912 3333 et
929 3286 1069 3336 crucem
1093 3266 1201 3336 elior-

209 3399 290 3466 met;
324 3389 389 3458 etsi
417 3390 626 3460 rusticorum
644 3387 785 3458 devotio
801 3408 869 3457 non
885 3387 932 3456 ita
950 3399 1073 3457 exacte
1090 3387 1200 3458 actio-

209 3531 271 3581 nes
283 3521 451 3603 sequatur
476 3511 636 3592 ministri,
658 3509 721 3580 sed
747 3531 827 3579 suas
848 3509 892 3580 ad
911 3510 1047 3579 libitum
1076 3529 1198 3580 eruces

211 3633 365 3726 duplicet
397 3635 564 3726 singulari
609 3634 737 3728 pietate
769 3633 950 3724 magistra.
990 3633 1201 3726 Complieata

211 3757 367 3850 expelli,
391 3769 531 3829 centum
552 3757 648 3850 rugis
673 3757 843 3847 connexis
871 3757 906 3826 in
934 3779 1073 3851 gyrum,
1104 3757 1203 3850 sigua

251 4005 291 4079 (1)
302 4008 360 4063 cu.
375 4009 442 4080 cap.
459 4009 507 4064 1v.
