3124 5126
584 637 773 704 -105-

180 823 411 917 expanderet.
430 819 637 893 Restitueret
650 821 779 912 quippe
799 818 958 907 Graeciae,
976 821 1050 892 sive
1067 843 1189 916 quam-r

176 943 211 1014 ei
225 943 346 1014 debuit
365 961 483 1014 veram
504 939 622 1024 fidem,
645 941 720 1011 sive
738 933 924 1033 proscissa
943 962 1048 1036 quam
1066 942 1110 1014 ab
1127 965 1169 1015 ea

176 1065 350 1158 receperit
382 1065 552 1154 integram
582 1062 759 1146 redderet,
786 1064 831 1134 'ad
864 1085 1002 1136 usuram
1034 1066 1188 1137 Christo·

175 1187 419 1284 gratissimam.
437 1185 518 1256 ldea
532 1186 608 1256 haec
624 1206 705 1255 vere
718 1185 985 1259 christianorum
1003 1187 1164 1258 ostende-

175 1322 272 1382 retur
297 1310 502 1402 principum,
524 1309 615 1376 hunc
638 1310 802 1400 potentiae
818 1307 884 1378 sibi
902 1309 995 1380 datae
1009 1321 1163 1381 statuere

178 1426 244 1499 sibl
259 1451 402 1522 scopum
421 1430 632 1500 laudabilem
651 1430 853 1522 meritisque
873 1431 1052 1500 relectum.

205 1581 207 1586 ·
229 1554 387 1623 Strictius
403 1562 520 1622 tamen
544 1551 580 1622 id
596 1553 722 1636 attinet
739 1552 783 1621 ad
803 1553 968 1625 Ecclesiae
986 1555 1162 1647 praelatae,

180 1697 258 1770 quas
266 1671 409 1768 Spiritus
417 1671 555 1744 Sanctus
567 1673 674 1767 posuit
687 1699 756 1742 eam
766 1697 872 1768 repara
882 1677 971 1767 (Act.
986 1675 1050 1768 xx).
1067 1676 1173 1768 Spon-

182 1817 257 1867 sam
275 1798 350 1887 ejus
364 1797 498 1866 unicam
515 1797 633 1888 ;cujus
646 1795 773 1867 divisio
791 1799 1170 1890 requireturacnnetb,

182 1920 246 1990 sed
271 1921 428 1989 severius
449 1918 494 1988 ab
521 1919 586 2002 his,
616 1941 763 2012 quorum
802 1941 846 1989 ne
871 1941 997 2013 sponsa
1029 1920 1090 1988 Dei
1124 1919 1171 1990 ad

182 2041 438 2132 aliosuagaret‚
458 2041 629 2112 commisit
642 2042 728 2111 zelo.
754 2039 953 2137 Quicumque¹
967 2044 1174 2136 separaverit

181 2165 360 2260 pretiosum
376 2187 396 2232 a
412 2162 484 2248 oili,
497 2161 591 2258 quasi
607 2188 641 2233 os
659 2161 697 2232 fit
710 2161 842 2232 Domini
853 2164 991 2256 (Jerem.
1005 2189 1062 2250 xv,
1079 2167 1168 2258 lib).

183 2287 344 2377 Talisque
369 2284 535 2356 evaderet
554 2298 681 2378 pastor,
708 2286 768 2376 qui
795 2306 870 2354 suae
899 2285 1010 2378 plebis
1036 2287 1063 2356 si
1091 2307 1173 2378 quat

183 2421 263 2480 sunt
288 2408 331 2512 in¹
344 2405 412 2476 lide
431 2407 533 2477 faeces
556 2428 764 2500 repurgans,
783 2407 973 2494 efficacem,
989 2409 1083 2476 illam
1110 2428 1174 2500 pro

182 2528 509 2629 Christolpromeret
525 2550 658 2614 vocem,
680 2527 782 2620 quam
801 2527 963 2599 audirent
981 2529 1011 2620 ej
1019 2551 1057 2598 us
1072 2549 1170 2615 aves,

185 2664 221 2724 ut
242 2651 331 2746 fieret
359 2675 459 2720 uuum
484 2649 576 2735 ovile,
595 2663 625 2718 et
655 2675 738 2720 uuus
766 2651 884 2720 Pastor
910 2651 1020 2742 (loen.
1043 2675 1075 2736 x,
1099 2654 1169 2744 lb).

184 2778 316 2846 Feruor
341 2775 432 2844 banc
449 2795 571 2844 vocem
593 2773 735 2864 quidem
760 2785 914 2857 acueret,
935 2772 998 2844 sed
1017 2772 1173 2867 Angelus

185 2901 258 2994 (seu
277 2899 337 2968 Dei
356 2898 507 2990 nuntius)
529 2897 706 2982 Ecclesiae‚
725 2919 844 2990 quem,
863 2918 929 2968 nec
943 2894 1100 2983 calidum,
1119 2921 1197 2986 nac,

182 3019 344 3118 sarpidum
358 3018 479 3092 incenit
494 3021 584 3092 Deus
598 3019 716 3116 (Apes.
731 3043 781 3104 ιιι,
800 3020 871 3113 45),
889 3019 951 3091 sed
965 3018 1119 3113 tepidum,
1132 3018 1175 3092 ab

183 3169 237 3216 arc
261 3147 330 3244 ejus
351 3141 522 3226 evomitur,
541 3141 601 3236 qui
623 3163 643 3212 a
668 3164 706 3214 se
724 3143 855 3233 ejectos
879 3141 986 3212 mittit
1014 3144 1049 3211 in
1069 3152 1173 3214 aeter-

183 3291 265 3341 num
295 3267 469 3339 ardorem.
507 3265 546 3335 ld
575 3287 683 3336 unum
718 3266 783 3336 etsi
819 3285 875 3336 me
901 3265 1172 3357 sapientioribus

184 3393 329 3464 inieram
361 3417 368 3458 :
414 3412 516 3484 repra
543 3389 679 3482 quaevis
707 3385 833 3472 divisa,
870 3385 1061 3458 desolanda
1097 3405 1175 3458 esse

185 3515 317 3611 (Matth.
339 3537 402 3599 xu,
423 3515 498 3606 25.)
522 3514 712 3584 infallibilis
747 3513 876 3605 prolert
913 3515 1052 3583 ueritas.
1081 3513 1181 3610 Ergo¹

185 3643 394 3738 quicumque
424 3659 527 3710 unam
553 3637 677 3708 Christi
708 3637 898 3750 Ecclesiam
926 3637 959 3706 in
1002 3645 1171 3706 aeternum

184 3763 388 3838 duraturam
421 3759 610 3844 credimus,
642 3767 743 3830 extra
771 3758 865 3828 illam
896 3777 972 3833 esse
996 3756 1174 3826 convinci·

184 3907 275 3964 mus,
305 3903 560 3977 quemcumque
603 3880 647 3952 ad
675 3881 750 3973 ejus
794 3881 962 3951 unitatem
993 3898 1175 3950 noscamus

184 4005 339 4078 obstare.
