3172 5130
520 589 771 700 'atat-

184 813 353 906 agitante,
398 809 517 882 infixis
551 814 808 887 maledicentiae
854 815 1030 899 dentibus,
1074 817 1178 884 etiam

188 936 372 1006 Orientalis
392 933 558 1007 Ecclesiae
574 938 714 1031 depasci
734 962 770 1009 so
785 951 908 1032 putant
924 951 1030 1010 artus.
1054 941 1175 1020 Furor,

149 1101 152 1106 ‡
185 1047 341 1152 inquam,
377 1058 448 1128 illis
475 1059 667 1128 seeundum
698 1057 957 1132 similitudinem
974 1061 1175 1152 ¹serpentis,

184 1183 272 1252 sicut
295 1180 427 1273 aspidis
450 1183 568 1252 surdae
587 1195 621 1251 et
643 1185 840 1254 obturantis
871 1168 974 1254 aures
1000 1207 1093 1256 suas.
1112 1183 1181 1254 Qud

184 1311 275 1378 Deus
293 1298 449 1377 conteret
467 1308 589 1378 dentes
612 1329 732 1378 eorum
750 1309 783 1378 in
802 1330 863 1378 ore
878 1309 1046 1401 ipsorum.
1070 1309 1179 1378 molas

184 1432 322 1501 leonum
337 1432 532 1521 confringet
548 1433 712 1502 Dominus
722 1434 787 1524 (Ps.
808 1433 906 1513 LVll,
922 1436 956 1515 5,
977 1431 1023 1523 7).
1049 1431 1176 1523 Deplo-

183 1552 306 1634 randa,
334 1554 459 1636 fateor,
480 1576 583 1646 quam
599 1566 760 1646 expertus
779 1538 908 1624 sum'in
929 1555 1056 1646 populo
1076 1555 1180 1646 iguo-

183 1677 308 1756 rantia,
329 1675 546 1767 subdolaque
564 1698 604 1746 ac
628 1677 854 1767 infatigabilis
871 1678 1117 1747 haereticorum
1141 1677 1177 1746 in

183 1817 226 1867 eo
243 1785 444 1866 seducendo
463 1799 659 1891 malignitas
685 1820 903 1868 communem
923 1797 1178 1868 Graeco-dussi-

183 1941 259 1990 cam
275 1918 379 1990 fidem
399 1921 516 1992 taliter
534 1921 717 2004 offuscant,
740 1933 775 1991 ut
791 1921 994 1993 difficillime
1013 1921 1114 1992 etiam
1133 1919 1177 1990 ab

182 2045 338 2134 ejusdem
351 2047 517 2117 Ecclesiae
529 2041 726 2118 hominibus
739 2049 947 2140 inquiratur.
961 2049 1035 2117 Non
1051 2047 1179 2118 desunt

185 2176 299 2236 tamen
317 2167 383 2235 viri
402 2169 662 2261 sapientissimi,
680 2169 739 2260 qui
755 2169 786 2237 ei
802 2169 1025 2260 explicandus
1044 2167 1175 2250 idonei,

184 2310 319 2359 mecum
337 2311 544 2380 congressus
565 2313 634 2360 non
662 2303 880 2382 spernentes
910 2291 998 2360 oltra
1034 2289 1068 2360 id
1087 2289 1180 2382 quod

184 2413 295 2482 verbo
319 2413 518 2505 scriptoque
538 2425 773 2506 promserunt,
796 2415 954 2505 ultraque
972 2435 1014 2482 ea
1028 2435 1109 2506 quae
1126 2435 1180 2484 se-

184 2555 262 2604 cum
285 2537 320 2604 in
337 2537 585 2606 ecclesiasticis
600 2537 736 2615 ritibus,
756 2536 790 2604 in
810 2535 1046 2606 ministrandis
1060 2555 1180 2605 sacra-

185 2657 324 2740 mentis,
347 2659 379 2725 in
409 2657 613 2728 ordinandis
632 2659 860 2752 presbyteris,
878 2659 911 2726 in
944 2659 1016 2726 lere
1048 2655 1181 2726 cunctis

185 2778 581 2869 liturgiis‚concurrens
618 2783 691 2874 ipse
722 2781 885 2864 viderim,
916 2779 1070 2848 libellum
1088 2777 1181 2847 huuc

185 2903 424 2986 Confessiouis
437 2907 624 2974 orientalis
639 2908 807 2974 Ecclesiae
821 2901 1047 2996 lectitandum
1065 2899 1178 2969 tradi-

184 3023 282 3100 dere,
303 3047 371 3115 quo
390 3025 541 3118 ipsorum
566 3030 730 3098 llnclesiae
755 3039 886 3098 certam
915 3023 1177 3094 instructionem

186 3145 382 3219 habuerim.

237 3300 254 3334 o
284 3275 475 3366 Sexaginta
514 3277 653 3346 circiter
685 3275 785 3344 annis
811 3285 1037 3368 praecesserat
1070 3278 1176 3344 Cute·
1209 3333 1211 3338 .

183 3394 311 3474 chismt'
333 3399 488 3467 Romani
513 3400 618 3490 perS.
639 3399 736 3466 Pium
754 3396 957 3488 publicatio,
977 3417 1047 3486 quo
1063 3394 1184 3488 proili-

182 3528 263 3610 gata
283 3518 372 3588 inter
396 3522 532 3591 Latinos
564 3519 747 3612 multiplex
777 3521 990 3590 Novatorum
1014 3517 1177 3596 haercsis3

183 3637 260 3712 haec
276 3642 343 3714 alio
372 3665 486 3726 versa,
509 3643 702 3715 latrocinali
728 3665 823 3712 mure
846 3640 1034 3712 invadendi
1065 3641 1180 3710 minus
1276 3651 1280 3662 “

183 3761 323 3851 vigiles,
337 3765 505 3836 Graeciam
527 3787 705 3856 aggressa,
718 3786 790 3836 ‘uec
804 3764 963 3839 Rosciam
973 3759 1183 3856 expergela-

182 3881 340 3956 ciendam
376 3901 570 3978 putaverat.
603 3891 675 3959 Nec
700 3887 914 3960 credendum
940 3896 1006 3969 est,
1042 3883 1184 3954 latuisse

187 4009 447 4100 metropolitam
472 4012 651 4105 Mugilam,
672 4010 909 4106 paratumhoc
926 4010 1027 4098 inter
1043 4005 1183 4078 Latinos
