3148 5132
797 519 967 582 ...20-

383 706 454 774 ma,
469 707 490 760 a
505 709 669 761 verorum
687 686 888 759 Graecorum
905 704 966 756 ore
983 691 1043 756 aut
1056 683 1297 775 relegandam,
1314 695 1376 760 aut

381 809 537 882 cauterio
569 807 797 892 inurendam
825 805 1053 898 redolereque
1085 804 1372 883 archimandritae

381 926 473 1002 illius
491 932 732 1016 rusticitatem,
745 951 766 1001 a
778 928 896 1002 schola
909 937 1004 1000 certe
1019 925 1204 1021 theologiae
1230 928 1375 1000 exulan·

381 1054 476 1127 dam.
497 1056 570 1128 Etsi
596 1055 691 1128 enim
707 1063 784 1148 post
802 1071 986 1146 expressas
999 1049 1231 1121 determinate
1247 1040 1371 1124 haere-

379 1166 437 1251 ses
452 1179 498 1251 ab
515 1179 668 1252 Ecclesia
679 1178 874 1262 damnatas,
884 1173 1034 1247 addatur
1045 1173 1080 1244 in
1098 1174 1158 1244 illa
1173 1174 1371 1267 abjuratio·

380 1301 435 1373 nis
451 1303 618 1376 formula:
634 1313 662 1372 et
693 1298 733 1370 cb
750 1295 897 1369 omnibus
929 1293 1008 1366 eliis
1036 1293 1208 1384 hereticis,
1240 1298 1373 1370 nemini

376 1423 486 1518 licere
503 1424 683 1508 dixerunt,
700 1421 787 1493 alios
801 1418 935 1493 directe
962 1415 1131 1510 adjicere,
1159 1428 1290 1514 praeter
1310 1441 1374 1493 eos

378 1565 468 1639 quos
484 1543 754 1616 anathematizat
768 1539 920 1612 Ecclesia
926 1568 937 1625 ς
952 1559 1066 1610 sermo
1077 1547 1194 1612 autern
1212 1563 1369 1615 commu·

374 1667 436 1738 'nis
452 1669 626 1739 neminem
659 1658 784 1758 tangit.
804 1662 1006 1754 Antiquitas
1036 1664 1192 1757 proiecto
1208 1665 1319 1756 major
1348 1686 1370 1738 a

378 1790 558 1862 catholicis
574 1789 703 1864 Latinis
727 1787 863 1859 aversio
880 1785 979 1879 (quos
1006 1787 1180 1859 communi
1193 1809 1275 1858 eum
1288 1788 1369 1862 hae-

378 1913 498 1985 reticis
512 1911 720 1984 Lutheranis
733 1911 786 1981 eis
807 1930 876 1980 nou
898 1909 1024 2002 ignotis
1041 1912 1180 1980 nomine
1198 1910 1370 1986 vocabant

377 2033 582 2123 Reseranda,
599 2034 635 2108 id
657 2045 710 2108 est
726 2033 911 2126 infideles),
933 2034 1010 2128 plus
1026 2055 1073 2105 ex
1105 2035 1241 2107 ratione
1260 2047 1372 2110 status

262 2207 265 2216 ψ
376 2157 510 2250 politici
523 2157 749 2253 procedebat,
764 2177 870 2250 quam
888 2177 935 2227 ex
955 2156 1094 2249 pietatis
1111 2158 1239 2230 studio.
1260 2159 1366 2233 Grae·

377 2299 496 2351 corum
513 2291 673 2373 contage,
690 2279 841 2350 schisma
866 2278 1024 2370 religioni
1038 2280 1112 2350 lere
1128 2281 1367 2375 congenitum,

376 2398 412 2470 in
438 2400 576 2474 Latinos
592 2402 801 2494 generaliter
818 2421 993 2494 asperum,
1011 2401 1142 2473 sensim
1172 2403 1370 2495 penetravit

377 2529 413 2590 et
427 2520 463 2590 in
480 2523 651 2594 Russiam.
673 2500 781 2606 lstud,
811 2531 974 2592 nascente
988 2521 1266 2609 Lutheranism0,
1288 2520 1370 2596 dira

377 2654 591 2738 consequuta
604 2655 684 2716 sunt
700 2645 791 2714 bella
800 2685 810 2739 3
825 2664 907 2735 quae
924 2654 1043 2715 contra
1058 2645 1205 2718 Polonos
1218 2656 1370 2718 certatu-

376 2787 497 2840 rorum
518 2769 756 2844 liuthenorum
781 2780 922 2862 pectora
939 2781 1059 2840 mutuo
1087 2789 1275 2840 servavere
1289 2768 1369 2842 dis-

378 2889 797 2978 cordia‚accrescentibus
810 2889 1018 2961 Polonorum
1032 2891 1067 2962 in
1076 2893 1300 2965 Russiavires
1314 2893 1370 2965 ci-

377 3013 691 3088 vilibusltuthenos
703 3013 795 3084 inter
809 3011 975 3084 dissidiis.
1455 2995 1458 3002 Δ

426 3138 676 3209 Permittantur
693 3137 750 3207 hie
764 3135 848 3206 mihi
864 3135 1018 3230 politica,
1039 3134 1250 3230 indagaturo
1272 3156 1374 3209 verae·

377 3256 443 3331 irae
460 3258 664 3350 religionem
678 3257 872 3328 simulantis
886 3259 1028 3330 motiva.
1346 3356 1349 3362 ,

426 3382 555 3454 Mortui
570 3381 646 3454 sine
660 3382 758 3476 prole
770 3381 956 3466 Theodori,
972 3381 1089 3454 Tzaris
1109 3383 1250 3455 loannis
1267 3383 1369 3454 Basi-

377 3499 507 3574 levitch
517 3500 590 3590 lilii,
603 3523 695 3574 anno
710 3503 965 3589 4597,fratrem
980 3503 1240 3575 natuminorem
1251 3505 1371 3575 [leme-

327 3713 329 3718 .
350 3720 352 3724 ‚
376 3623 483 3694 trium
496 3645 737 3696 successurum
748 3626 783 3695 in
797 3635 933 3719 sceptro
949 3625 1148 3698 occiderant
1162 3627 1271 3698 annot
1281 3627 1345 3697 aot
1357 3677 1372 3730 ,Ἰ

377 3765 446 3840 ope
472 3747 583 3820 Borisi
605 3747 789 3833 Godunov,
811 3747 927 3819 lratris
941 3747 1061 3820 uxoris
1078 3749 1262 3837 Theodori,
1282 3769 1369 3822 con-

378 3868 1369 3970 ductisicarii.Haeredibusdestitutumhinosceptrumlio·
