<?xml version="1.0" encoding="UTF-8"?>
<!DOCTYPE html PUBLIC "-//W3C//DTD XHTML 1.0 Transitional//EN"
    "http://www.w3.org/TR/xhtml1/DTD/xhtml1-transitional.dtd">
<html xmlns="http://www.w3.org/1999/xhtml" xml:lang="en" lang="en">
 <head>
  <title>
</title>
<meta http-equiv="Content-Type" content="text/html;charset=utf-8" />
  <meta name='ocr-system' content='tesseract 3.04.00' />
  <meta name='ocr-capabilities' content='ocr_page ocr_carea ocr_par ocr_line ocrx_word'/>
</head>
<body>
  <div class='ocr_page' id='page_1' title='image "./brevisenarratio00ribegoog/brevisenarratio00ribegoog_0192.png"; bbox 0 0 3172 5130; ppageno 0'>
   <div class='ocr_carea' id='block_1_1' title="bbox 626 617 809 679">
    <p class='ocr_par' dir='ltr' id='par_1_1' title="bbox 626 617 809 679">
     <span class='ocr_line' id='line_1_1' title="bbox 626 617 809 679; baseline 0.016 -3"><span class='ocrx_word' id='word_1_1' title='bbox 626 617 809 679; x_wconf 52' lang='grc' dir='ltr'>---153-υ</span> 
     </span>
    </p>
   </div>
   <div class='ocr_carea' id='block_1_2' title="bbox 219 795 1261 4087">
    <p class='ocr_par' dir='ltr' id='par_1_2' title="bbox 219 795 1261 4087">
     <span class='ocr_line' id='line_1_2' title="bbox 225 795 1217 889; baseline -0.001 -22"><span class='ocrx_word' id='word_1_2' title='bbox 225 795 393 867; x_wconf 73' lang='lat' dir='ltr'>audacter</span> <span class='ocrx_word' id='word_1_3' title='bbox 439 797 574 889; x_wconf 81' lang='lat' dir='ltr'>scripsit</span> <span class='ocrx_word' id='word_1_4' title='bbox 617 807 652 865; x_wconf 90' lang='lat' dir='ltr'>et</span> <span class='ocrx_word' id='word_1_5' title='bbox 684 797 794 888; x_wconf 87' lang='lat' dir='ltr'>praelo</span> <span class='ocrx_word' id='word_1_6' title='bbox 823 795 920 866; x_wconf 84' lang='lat' dir='ltr'>dedit</span> <span class='ocrx_word' id='word_1_7' title='bbox 952 826 959 866; x_wconf 94' lang='lat'>:</span> <span class='ocrx_word' id='word_1_8' title='bbox 1003 799 1217 884; x_wconf 70' lang='lat' dir='ltr'>Pracctpuuc</span> 
     </span>
     <span class='ocr_line' id='line_1_3' title="bbox 219 919 1217 1011; baseline 0 -23"><span class='ocrx_word' id='word_1_9' title='bbox 219 919 451 1009; x_wconf 76' lang='lat' dir='ltr'>(sacerdotum</span> <span class='ocrx_word' id='word_1_10' title='bbox 469 919 717 1011; x_wconf 79' lang='lat' dir='ltr'>Ruthenoruml</span> <span class='ocrx_word' id='word_1_11' title='bbox 735 927 888 988; x_wconf 78' lang='lat' dir='ltr'>eructas</span> <span class='ocrx_word' id='word_1_12' title='bbox 910 922 1157 1003; x_wconf 59' lang='lat' dir='ltr'>birretmncsh</span> <span class='ocrx_word' id='word_1_13' title='bbox 1175 922 1217 988; x_wconf 79' lang='lat' dir='ltr'>in</span> 
     </span>
     <span class='ocr_line' id='line_1_4' title="bbox 220 1041 1216 1133; baseline 0.001 -23"><span class='ocrx_word' id='word_1_14' title='bbox 220 1062 291 1128; x_wconf 81' lang='lat' dir='ltr'>quo</span> <span class='ocrx_word' id='word_1_15' title='bbox 302 1063 485 1129; x_wconf 72' lang='lat' dir='ltr'>poparum</span> <span class='ocrx_word' id='word_1_16' title='bbox 512 1045 672 1110; x_wconf 79' lang='lat' dir='ltr'>consist&#39;t</span> <span class='ocrx_word' id='word_1_17' title='bbox 704 1045 898 1110; x_wconf 78' lang='lat' dir='ltr'>ueneratio.</span> <span class='ocrx_word' id='word_1_18' title='bbox 926 1041 1054 1111; x_wconf 83' lang='lat' dir='ltr'>Mulcta</span> <span class='ocrx_word' id='word_1_19' title='bbox 1089 1063 1216 1133; x_wconf 82' lang='lat' dir='ltr'>magna</span> 
     </span>
     <span class='ocr_line' id='line_1_5' title="bbox 221 1161 1218 1254; baseline 0.002 -24"><span class='ocrx_word' id='word_1_20' title='bbox 221 1163 407 1232; x_wconf 87' lang='lat' dir='ltr'>mulctatur</span> <span class='ocrx_word' id='word_1_21' title='bbox 424 1163 482 1253; x_wconf 92' lang='lat' dir='ltr'>qni</span> <span class='ocrx_word' id='word_1_22' title='bbox 516 1161 744 1232; x_wconf 79' lang='lat' dir='ltr'>diverberans</span> <span class='ocrx_word' id='word_1_23' title='bbox 768 1183 906 1254; x_wconf 90' lang='lat' dir='ltr'>popam,</span> <span class='ocrx_word' id='word_1_24' title='bbox 933 1162 1095 1254; x_wconf 81' lang='lat' dir='ltr'>pileolum</span> <span class='ocrx_word' id='word_1_25' title='bbox 1126 1163 1218 1232; x_wconf 90' lang='lat' dir='ltr'>hunc</span> 
     </span>
     <span class='ocr_line' id='line_1_6' title="bbox 220 1283 1219 1377; baseline 0.002 -25"><span class='ocrx_word' id='word_1_26' title='bbox 220 1285 405 1376; x_wconf 78' lang='lat' dir='ltr'>tetigerit;</span> <span class='ocrx_word' id='word_1_27' title='bbox 441 1287 539 1377; x_wconf 85' lang='lat' dir='ltr'>parvi</span> <span class='ocrx_word' id='word_1_28' title='bbox 578 1297 694 1354; x_wconf 88' lang='lat' dir='ltr'>autem</span> <span class='ocrx_word' id='word_1_29' title='bbox 724 1283 899 1375; x_wconf 83' lang='lat' dir='ltr'>penditur,</span> <span class='ocrx_word' id='word_1_30' title='bbox 922 1285 949 1354; x_wconf 92' lang='lat' dir='ltr'>si</span> <span class='ocrx_word' id='word_1_31' title='bbox 984 1286 1038 1354; x_wconf 89' lang='lat' dir='ltr'>cni</span> <span class='ocrx_word' id='word_1_32' title='bbox 1076 1284 1219 1354; x_wconf 76' lang='lat' dir='ltr'>libuerit</span> 
     </span>
     <span class='ocr_line' id='line_1_7' title="bbox 220 1396 1217 1502; baseline 0.001 -25"><span class='ocrx_word' id='word_1_33' title='bbox 220 1396 435 1477; x_wconf 75' lang='lat' dir='ltr'>sacerdotem</span> <span class='ocrx_word' id='word_1_34' title='bbox 454 1408 642 1500; x_wconf 86' lang='lat' dir='ltr'>depectere</span> <span class='ocrx_word' id='word_1_35' title='bbox 668 1407 772 1500; x_wconf 88' lang='lat' dir='ltr'>(quod</span> <span class='ocrx_word' id='word_1_36' title='bbox 804 1429 920 1477; x_wconf 90' lang='lat' dir='ltr'>rarum</span> <span class='ocrx_word' id='word_1_37' title='bbox 939 1423 1092 1491; x_wconf 86' lang='lat' dir='ltr'>nonest,</span> <span class='ocrx_word' id='word_1_38' title='bbox 1111 1409 1217 1502; x_wconf 89' lang='lat' dir='ltr'>idque</span> 
     </span>
     <span class='ocr_line' id='line_1_8' title="bbox 221 1528 1217 1622; baseline 0.005 -27"><span class='ocrx_word' id='word_1_39' title='bbox 221 1528 255 1595; x_wconf 90' lang='lat' dir='ltr'>in</span> <span class='ocrx_word' id='word_1_40' title='bbox 292 1528 431 1598; x_wconf 87' lang='lat' dir='ltr'>cabacis</span> <span class='ocrx_word' id='word_1_41' title='bbox 458 1551 518 1599; x_wconf 88' lang='lat' dir='ltr'>seu</span> <span class='ocrx_word' id='word_1_42' title='bbox 547 1530 747 1622; x_wconf 80' lang='lat' dir='ltr'>symposiisl</span> <span class='ocrx_word' id='word_1_43' title='bbox 785 1529 921 1598; x_wconf 89' lang='lat' dir='ltr'>mitram</span> <span class='ocrx_word' id='word_1_44' title='bbox 964 1531 1052 1600; x_wconf 92' lang='lat' dir='ltr'>hanc</span> <span class='ocrx_word' id='word_1_45' title='bbox 1083 1551 1217 1600; x_wconf 85' lang='lat' dir='ltr'>sacram</span> 
     </span>
     <span class='ocr_line' id='line_1_9' title="bbox 224 1652 1218 1744; baseline 0.001 -23"><span class='ocrx_word' id='word_1_46' title='bbox 224 1653 430 1734; x_wconf 83' lang='lat' dir='ltr'>detraxerit,</span> <span class='ocrx_word' id='word_1_47' title='bbox 461 1653 750 1744; x_wconf 85' lang='lat' dir='ltr'>capitiqnecaesi</span> <span class='ocrx_word' id='word_1_48' title='bbox 782 1673 862 1722; x_wconf 80' lang='lat' dir='ltr'>mox</span> <span class='ocrx_word' id='word_1_49' title='bbox 902 1652 1069 1723; x_wconf 88' lang='lat' dir='ltr'>decenter</span> <span class='ocrx_word' id='word_1_50' title='bbox 1100 1673 1218 1722; x_wconf 85' lang='lat' dir='ltr'>rursus</span> 
     </span>
     <span class='ocr_line' id='line_1_10' title="bbox 224 1774 1214 1866; baseline 0.003 -23"><span class='ocrx_word' id='word_1_51' title='bbox 224 1774 425 1866; x_wconf 80' lang='lat' dir='ltr'>imposuerit</span> <span class='ocrx_word' id='word_1_52' title='bbox 456 1775 712 1866; x_wconf 83' lang='lat' dir='ltr'>(Dereligione.</span> <span class='ocrx_word' id='word_1_53' title='bbox 737 1775 916 1846; x_wconf 85' lang='lat' dir='ltr'>Moscovit.</span> <span class='ocrx_word' id='word_1_54' title='bbox 951 1777 1098 1844; x_wconf 83' lang='lat' dir='ltr'>exercit.</span> <span class='ocrx_word' id='word_1_55' title='bbox 1137 1777 1214 1846; x_wconf 89' lang='lat' dir='ltr'>hist.</span> 
     </span>
     <span class='ocr_line' id='line_1_11' title="bbox 223 1897 1217 1989; baseline 0.002 -23"><span class='ocrx_word' id='word_1_56' title='bbox 223 1918 301 1988; x_wconf 88' lang='lat' dir='ltr'>cap.</span> <span class='ocrx_word' id='word_1_57' title='bbox 321 1899 361 1964; x_wconf 92' lang='lat' dir='ltr'>tl.</span> <span class='ocrx_word' id='word_1_58' title='bbox 393 1917 473 1989; x_wconf 80' lang='lat' dir='ltr'>pag.</span> <span class='ocrx_word' id='word_1_59' title='bbox 497 1897 634 1988; x_wconf 56' lang='lat' dir='ltr'>lah...</span> <span class='ocrx_word' id='word_1_60' title='bbox 659 1899 747 1968; x_wconf 86' lang='lat' dir='ltr'>Ecce</span> <span class='ocrx_word' id='word_1_61' title='bbox 767 1897 970 1989; x_wconf 79' lang='lat' dir='ltr'>Strasburgi</span> <span class='ocrx_word' id='word_1_62' title='bbox 1002 1899 1041 1988; x_wconf 82' lang='lat' dir='ltr'>lsi</span> <span class='ocrx_word' id='word_1_63' title='bbox 1075 1898 1217 1989; x_wconf 79' lang='lat' dir='ltr'>Argen-</span> 
     </span>
     <span class='ocr_line' id='line_1_12' title="bbox 222 2023 1219 2114; baseline 0.005 -25"><span class='ocrx_word' id='word_1_64' title='bbox 222 2029 371 2095; x_wconf 90' lang='lat' dir='ltr'>toratum</span> <span class='ocrx_word' id='word_1_65' title='bbox 403 2041 471 2090; x_wconf 94' lang='lat' dir='ltr'>non</span> <span class='ocrx_word' id='word_1_66' title='bbox 511 2023 677 2114; x_wconf 76' lang='lat' dir='ltr'>noscitur)</span> <span class='ocrx_word' id='word_1_67' title='bbox 715 2025 857 2114; x_wconf 87' lang='lat' dir='ltr'>quinam</span> <span class='ocrx_word' id='word_1_68' title='bbox 893 2033 928 2091; x_wconf 91' lang='lat' dir='ltr'>et</span> <span class='ocrx_word' id='word_1_69' title='bbox 955 2046 1023 2114; x_wconf 89' lang='lat' dir='ltr'>quo</span> <span class='ocrx_word' id='word_1_70' title='bbox 1055 2025 1219 2095; x_wconf 85' lang='lat' dir='ltr'>examine</span> 
     </span>
     <span class='ocr_line' id='line_1_13' title="bbox 222 2143 1220 2240; baseline 0.006 -27"><span class='ocrx_word' id='word_1_71' title='bbox 222 2143 419 2214; x_wconf 85' lang='lat' dir='ltr'>doctoratus</span> <span class='ocrx_word' id='word_1_72' title='bbox 446 2145 601 2214; x_wconf 86' lang='lat' dir='ltr'>lauream</span> <span class='ocrx_word' id='word_1_73' title='bbox 630 2147 814 2239; x_wconf 89' lang='lat' dir='ltr'>arripiunt,</span> <span class='ocrx_word' id='word_1_74' title='bbox 833 2167 937 2236; x_wconf 92' lang='lat' dir='ltr'>quam</span> <span class='ocrx_word' id='word_1_75' title='bbox 969 2147 1077 2240; x_wconf 92' lang='lat' dir='ltr'>lepidi</span> <span class='ocrx_word' id='word_1_76' title='bbox 1103 2148 1220 2218; x_wconf 88' lang='lat' dir='ltr'>eloco</span> 
     </span>
     <span class='ocr_line' id='line_1_14' title="bbox 222 2267 1219 2360; baseline 0.004 -24"><span class='ocrx_word' id='word_1_77' title='bbox 222 2267 391 2358; x_wconf 85' lang='lat' dir='ltr'>superiori</span> <span class='ocrx_word' id='word_1_78' title='bbox 405 2268 587 2357; x_wconf 79' lang='lat' dir='ltr'>loquantur</span> <span class='ocrx_word' id='word_1_79' title='bbox 607 2269 867 2338; x_wconf 87' lang='lat' dir='ltr'>mendaciorum</span> <span class='ocrx_word' id='word_1_80' title='bbox 888 2270 1062 2360; x_wconf 81' lang='lat' dir='ltr'>magistri!</span> <span class='ocrx_word' id='word_1_81' title='bbox 1087 2270 1219 2342; x_wconf 82' lang='lat' dir='ltr'>Pudeat</span> 
     </span>
     <span class='ocr_line' id='line_1_15' title="bbox 224 2388 1220 2485; baseline 0.003 -26"><span class='ocrx_word' id='word_1_82' title='bbox 224 2389 351 2459; x_wconf 88' lang='lat' dir='ltr'>talibus</span> <span class='ocrx_word' id='word_1_83' title='bbox 393 2388 577 2462; x_wconf 87' lang='lat' dir='ltr'>detrahere</span> <span class='ocrx_word' id='word_1_84' title='bbox 609 2392 736 2484; x_wconf 90' lang='lat' dir='ltr'>populo</span> <span class='ocrx_word' id='word_1_85' title='bbox 764 2388 968 2476; x_wconf 83' lang='lat' dir='ltr'>christiano,</span> <span class='ocrx_word' id='word_1_86' title='bbox 1002 2401 1220 2485; x_wconf 84' lang='lat' dir='ltr'>pergantque</span> 
     </span>
     <span class='ocr_line' id='line_1_16' title="bbox 223 2505 1216 2616; baseline 0.003 -33"><span class='ocrx_word' id='word_1_87' title='bbox 223 2512 429 2583; x_wconf 88' lang='lat' dir='ltr'>doctorandi</span> <span class='ocrx_word' id='word_1_88' title='bbox 448 2514 581 2616; x_wconf 85' lang='lat' dir='ltr'>similes</span> <span class='ocrx_word' id='word_1_89' title='bbox 594 2516 627 2584; x_wconf 95' lang='lat' dir='ltr'>in</span> <span class='ocrx_word' id='word_1_90' title='bbox 645 2517 811 2596; x_wconf 82' lang='lat' dir='ltr'>Russiam,</span> <span class='ocrx_word' id='word_1_91' title='bbox 833 2537 853 2585; x_wconf 91' lang='lat' dir='ltr'>a</span> <span class='ocrx_word' id='word_1_92' title='bbox 881 2517 1007 2586; x_wconf 84' lang='lat' dir='ltr'>vetulis</span> <span class='ocrx_word' id='word_1_93' title='bbox 1033 2505 1216 2586; x_wconf 89' lang='lat' dir='ltr'>edocendi.</span> 
     </span>
     <span class='ocr_line' id='line_1_17' title="bbox 222 2633 1220 2729; baseline 0.003 -27"><span class='ocrx_word' id='word_1_94' title='bbox 222 2673 271 2687; x_wconf 90' lang='lat'><em>-</em></span> <span class='ocrx_word' id='word_1_95' title='bbox 285 2636 357 2703; x_wconf 89' lang='lat' dir='ltr'>Nec</span> <span class='ocrx_word' id='word_1_96' title='bbox 377 2633 493 2705; x_wconf 88' lang='lat' dir='ltr'>minus</span> <span class='ocrx_word' id='word_1_97' title='bbox 511 2639 681 2706; x_wconf 81' lang='lat' dir='ltr'>Sacranns</span> <span class='ocrx_word' id='word_1_98' title='bbox 697 2637 731 2706; x_wconf 94' lang='lat' dir='ltr'>in</span> <span class='ocrx_word' id='word_1_99' title='bbox 750 2641 974 2719; x_wconf 78' lang='lat' dir='ltr'>Elucidario,</span> <span class='ocrx_word' id='word_1_100' title='bbox 992 2639 1220 2729; x_wconf 88' lang='lat' dir='ltr'>potiustene-</span> 
     </span>
     <span class='ocr_line' id='line_1_18' title="bbox 223 2759 1220 2840; baseline 0.005 -14"><span class='ocrx_word' id='word_1_101' title='bbox 223 2759 351 2840; x_wconf 88' lang='lat' dir='ltr'>brario,</span> <span class='ocrx_word' id='word_1_102' title='bbox 380 2761 529 2829; x_wconf 86' lang='lat' dir='ltr'>asserit:</span> <span class='ocrx_word' id='word_1_103' title='bbox 552 2764 676 2830; x_wconf 81' lang='lat' dir='ltr'>In&#39;cere</span> <span class='ocrx_word' id='word_1_104' title='bbox 704 2761 932 2832; x_wconf 75' lang='lat' dir='ltr'>saecularibus</span> <span class='ocrx_word' id='word_1_105' title='bbox 962 2761 1114 2831; x_wconf 89' lang='lat' dir='ltr'>dominis</span> <span class='ocrx_word' id='word_1_106' title='bbox 1144 2763 1220 2832; x_wconf 88' lang='lat' dir='ltr'>sine</span> 
     </span>
     <span class='ocr_line' id='line_1_19' title="bbox 221 2883 1226 2986; baseline 0.004 -37"><span class='ocrx_word' id='word_1_107' title='bbox 221 2901 379 2966; x_wconf 86' lang='lat' dir='ltr'>censura,</span> <span class='ocrx_word' id='word_1_108' title='bbox 416 2883 670 2955; x_wconf 88' lang='lat' dir='ltr'>ecclesiasticos</span> <span class='ocrx_word' id='word_1_109' title='bbox 702 2895 886 2977; x_wconf 87' lang='lat' dir='ltr'>percutere</span> <span class='ocrx_word' id='word_1_110' title='bbox 919 2895 954 2954; x_wconf 88' lang='lat' dir='ltr'>ct</span> <span class='ocrx_word' id='word_1_111' title='bbox 1000 2886 1192 2986; x_wconf 74' lang='lat' dir='ltr'>verberare</span> <span class='ocrx_word' id='word_1_112' title='bbox 1210 2910 1226 2966; x_wconf 92' lang='lat'>;·</span> 
     </span>
     <span class='ocr_line' id='line_1_20' title="bbox 224 3003 1222 3098; baseline 0.004 -27"><span class='ocrx_word' id='word_1_113' title='bbox 224 3003 311 3072; x_wconf 87' lang='lat' dir='ltr'>sicut</span> <span class='ocrx_word' id='word_1_114' title='bbox 328 3005 431 3072; x_wconf 90' lang='lat' dir='ltr'>etiam</span> <span class='ocrx_word' id='word_1_115' title='bbox 451 3003 639 3096; x_wconf 89' lang='lat' dir='ltr'>deponere,</span> <span class='ocrx_word' id='word_1_116' title='bbox 659 3007 763 3076; x_wconf 88' lang='lat' dir='ltr'>etiam</span> <span class='ocrx_word' id='word_1_117' title='bbox 784 3003 1012 3098; x_wconf 86' lang='lat' dir='ltr'>patriarchas,</span> <span class='ocrx_word' id='word_1_118' title='bbox 1035 3006 1222 3098; x_wconf 89' lang='lat' dir='ltr'>episcopos</span> 
     </span>
     <span class='ocr_line' id='line_1_21' title="bbox 223 3127 1220 3221; baseline -0.001 -25"><span class='ocrx_word' id='word_1_119' title='bbox 223 3140 257 3196; x_wconf 86' lang='lat' dir='ltr'>et</span> <span class='ocrx_word' id='word_1_120' title='bbox 283 3127 559 3197; x_wconf 87' lang='lat' dir='ltr'>sacerdotes.....</span> <span class='ocrx_word' id='word_1_121' title='bbox 582 3129 674 3221; x_wconf 84' lang='lat' dir='ltr'>(Cap.</span> <span class='ocrx_word' id='word_1_122' title='bbox 704 3131 743 3212; x_wconf 94' lang='lat' dir='ltr'>tl,</span> <span class='ocrx_word' id='word_1_123' title='bbox 773 3151 868 3198; x_wconf 90' lang='lat' dir='ltr'>error</span> <span class='ocrx_word' id='word_1_124' title='bbox 892 3128 1070 3197; x_wconf 88' lang='lat' dir='ltr'>Moscovit.</span> <span class='ocrx_word' id='word_1_125' title='bbox 1093 3128 1220 3220; x_wconf 59' lang='lat' dir='ltr'>tow.)</span> 
     </span>
     <span class='ocr_line' id='line_1_22' title="bbox 224 3251 1214 3346; baseline 0.002 -26"><span class='ocrx_word' id='word_1_126' title='bbox 224 3253 324 3320; x_wconf 85' lang='lat' dir='ltr'>Certe</span> <span class='ocrx_word' id='word_1_127' title='bbox 339 3253 392 3320; x_wconf 89' lang='lat' dir='ltr'>isti</span> <span class='ocrx_word' id='word_1_128' title='bbox 420 3273 488 3322; x_wconf 93' lang='lat' dir='ltr'>non</span> <span class='ocrx_word' id='word_1_129' title='bbox 506 3255 666 3346; x_wconf 84' lang='lat' dir='ltr'>legerunt</span> <span class='ocrx_word' id='word_1_130' title='bbox 683 3254 853 3324; x_wconf 88' lang='lat' dir='ltr'>Ruthenis</span> <span class='ocrx_word' id='word_1_131' title='bbox 879 3251 1015 3344; x_wconf 83' lang='lat' dir='ltr'>legibus</span> <span class='ocrx_word' id='word_1_132' title='bbox 1045 3266 1185 3322; x_wconf 88' lang='lat' dir='ltr'>cnutum</span> <span class='ocrx_word' id='word_1_133' title='bbox 1207 3282 1214 3322; x_wconf 89' lang='lat'><strong>:</strong></span> 
     </span>
     <span class='ocr_line' id='line_1_23' title="bbox 224 3374 1238 3471; baseline 0.001 -29"><span class='ocrx_word' id='word_1_134' title='bbox 224 3374 433 3446; x_wconf 84' lang='lat' dir='ltr'>Patriarchae</span> <span class='ocrx_word' id='word_1_135' title='bbox 450 3375 613 3447; x_wconf 87' lang='lat' dir='ltr'>officiales</span> <span class='ocrx_word' id='word_1_136' title='bbox 635 3377 753 3460; x_wconf 82' lang='lat' dir='ltr'>aulici,</span> <span class='ocrx_word' id='word_1_137' title='bbox 785 3374 847 3444; x_wconf 90' lang='lat' dir='ltr'>filii</span> <span class='ocrx_word' id='word_1_138' title='bbox 865 3375 1051 3457; x_wconf 90' lang='lat' dir='ltr'>nobilium,</span> <span class='ocrx_word' id='word_1_139' title='bbox 1084 3375 1215 3443; x_wconf 91' lang='lat' dir='ltr'>subditi</span> <span class='ocrx_word' id='word_1_140' title='bbox 1235 3465 1238 3471; x_wconf 19' lang='grc' dir='ltr'>Ι</span> 
     </span>
     <span class='ocr_line' id='line_1_24' title="bbox 222 3497 1213 3592; baseline -0.001 -24"><span class='ocrx_word' id='word_1_141' title='bbox 222 3499 410 3591; x_wconf 86' lang='lat' dir='ltr'>caeterique</span> <span class='ocrx_word' id='word_1_142' title='bbox 439 3501 685 3592; x_wconf 88' lang='lat' dir='ltr'>cujuscumque</span> <span class='ocrx_word' id='word_1_143' title='bbox 704 3497 936 3569; x_wconf 84' lang='lat' dir='ltr'>&#39;conditionis</span> <span class='ocrx_word' id='word_1_144' title='bbox 963 3499 1121 3568; x_wconf 88' lang='lat' dir='ltr'>homines</span> <span class='ocrx_word' id='word_1_145' title='bbox 1153 3500 1213 3589; x_wconf 93' lang='lat' dir='ltr'>qui</span> 
     </span>
     <span class='ocr_line' id='line_1_25' title="bbox 224 3619 1261 3720; baseline -0.003 -29"><span class='ocrx_word' id='word_1_146' title='bbox 224 3625 348 3691; x_wconf 86' lang='lat' dir='ltr'>vivunt</span> <span class='ocrx_word' id='word_1_147' title='bbox 370 3623 403 3690; x_wconf 91' lang='lat' dir='ltr'>in</span> <span class='ocrx_word' id='word_1_148' title='bbox 427 3622 681 3715; x_wconf 87' lang='lat' dir='ltr'>patriarchatus</span> <span class='ocrx_word' id='word_1_149' title='bbox 707 3620 818 3704; x_wconf 90' lang='lat' dir='ltr'>bonis,</span> <span class='ocrx_word' id='word_1_150' title='bbox 836 3619 1036 3710; x_wconf 89' lang='lat' dir='ltr'>judicentur</span> <span class='ocrx_word' id='word_1_151' title='bbox 1070 3620 1104 3686; x_wconf 93' lang='lat' dir='ltr'>in</span> <span class='ocrx_word' id='word_1_152' title='bbox 1129 3641 1216 3711; x_wconf 91' lang='lat' dir='ltr'>qua·</span> <span class='ocrx_word' id='word_1_153' title='bbox 1257 3709 1261 3720; x_wconf 30' lang='lat'>¹</span> 
     </span>
     <span class='ocr_line' id='line_1_26' title="bbox 224 3743 1221 3837; baseline -0.001 -22"><span class='ocrx_word' id='word_1_154' title='bbox 224 3767 373 3837; x_wconf 88' lang='lat' dir='ltr'>cumque</span> <span class='ocrx_word' id='word_1_155' title='bbox 400 3767 513 3828; x_wconf 88' lang='lat' dir='ltr'>causa,</span> <span class='ocrx_word' id='word_1_156' title='bbox 543 3747 770 3816; x_wconf 87' lang='lat' dir='ltr'>siveaotores</span> <span class='ocrx_word' id='word_1_157' title='bbox 801 3747 876 3815; x_wconf 89' lang='lat' dir='ltr'>sive</span> <span class='ocrx_word' id='word_1_158' title='bbox 896 3744 955 3826; x_wconf 90' lang='lat' dir='ltr'>rei,</span> <span class='ocrx_word' id='word_1_159' title='bbox 974 3743 1010 3812; x_wconf 87' lang='lat' dir='ltr'>in&#39;</span> <span class='ocrx_word' id='word_1_160' title='bbox 1038 3743 1114 3812; x_wconf 91' lang='lat' dir='ltr'>aula</span> <span class='ocrx_word' id='word_1_161' title='bbox 1156 3766 1221 3836; x_wconf 84' lang='lat' dir='ltr'>pa·</span> 
     </span>
     <span class='ocr_line' id='line_1_27' title="bbox 227 3869 1224 3969; baseline 0 -29"><span class='ocrx_word' id='word_1_162' title='bbox 227 3869 389 3941; x_wconf 89' lang='lat' dir='ltr'>triarchae</span> <span class='ocrx_word' id='word_1_163' title='bbox 406 3898 414 3955; x_wconf 90' lang='grc'><strong>;</strong></span> <span class='ocrx_word' id='word_1_164' title='bbox 431 3895 628 3969; x_wconf 81' lang='lat' dir='ltr'>numquam</span> <span class='ocrx_word' id='word_1_165' title='bbox 656 3872 750 3942; x_wconf 89' lang='lat' dir='ltr'>enim</span> <span class='ocrx_word' id='word_1_166' title='bbox 782 3883 938 3961; x_wconf 90' lang='lat' dir='ltr'>tempore</span> <span class='ocrx_word' id='word_1_167' title='bbox 963 3878 1224 3940; x_wconf 86' lang='lat' dir='ltr'>antecessorum</span> 
     </span>
     <span class='ocr_line' id='line_1_28' title="bbox 226 3990 1224 4087; baseline -0.003 -23"><span class='ocrx_word' id='word_1_168' title='bbox 226 3996 369 4064; x_wconf 88' lang='lat' dir='ltr'>Czarnm</span> <span class='ocrx_word' id='word_1_169' title='bbox 402 4006 437 4064; x_wconf 91' lang='lat' dir='ltr'>et</span> <span class='ocrx_word' id='word_1_170' title='bbox 465 3995 533 4087; x_wconf 88' lang='lat' dir='ltr'>piae</span> <span class='ocrx_word' id='word_1_171' title='bbox 576 3995 757 4066; x_wconf 89' lang='lat' dir='ltr'>memoriae</span> <span class='ocrx_word' id='word_1_172' title='bbox 791 3992 926 4064; x_wconf 88' lang='lat' dir='ltr'>Domini</span> <span class='ocrx_word' id='word_1_173' title='bbox 959 3990 1075 4062; x_wconf 79' lang='lat' dir='ltr'>Craris</span> <span class='ocrx_word' id='word_1_174' title='bbox 1118 3993 1224 4063; x_wconf 90' lang='lat' dir='ltr'>totius</span> 
     </span>
    </p>
   </div>
   <div class='ocr_carea' id='block_1_3' title="bbox 0 0 1595 5130">
    <p class='ocr_par' dir='ltr' id='par_1_3' title="bbox 0 0 1595 5130">
     <span class='ocr_line' id='line_1_29' title="bbox 0 0 1595 5130; baseline 0 0"><span class='ocrx_word' id='word_1_175' title='bbox 0 0 1595 5130; x_wconf 95' lang='lat' dir='ltr'> </span> 
     </span>
    </p>
   </div>
  </div>
 </body>
</html>
