3172 5130
622 604 807 664 -ttt-

249 785 414 874 liturgiae,
434 781 688 874 narrandisque
702 783 721 852 a
736 803 774 853 se
788 783 868 852 visis
880 794 913 853 et
928 783 1025 884 lectis
1040 783 1072 851 in
1088 782 1240 866 Graeoia3

249 908 313 980 sed
348 909 404 997 hic
429 897 596 979 'eumdem
622 905 735 976 dicam
753 905 922 978 defecisse
952 906 986 975 in
1012 907 1244 978 ecclesiastica

251 1031 408 1102 historia.
430 1029 516 1100 Nan]
547 1027 733 1118 Gregorius
766 1027 793 1096 ll
825 1026 1062 1119 pontificatum
1089 1029 1245 1100 ascendit

254 1175 346 1225 anno
375 1151 447 1222 tlt
472 1170 581 1242 usque
608 1149 653 1219 ad
669 1146 758 1231 73l;
779 1148 934 1242 synodus
952 1163 1068 1219 autern
1086 1151 1248 1222 Trullana

251 1275 369 1346 habita
388 1286 440 1344 est
465 1294 557 1343 anno
586 1274 649 1342 oet
674 1274 739 1343 sub
762 1273 956 1343 lastiniano
990 1273 1038 1358 II,
1058 1275 1115 1366 qui
1130 1272 1248 1356 fidelis

251 1391 564 1476 contemperans
593 1393 642 1484 (ut
687 1391 816 1462 ibidem
859 1391 998 1485 legitur)
1037 1389 1250 1476 subscripsit

252 1515 382 1608 quique
411 1513 494 1584 obiit
520 1537 610 1585 anno
641 1513 679 1585 tt
696 1521 704 1581 t
719 1572 726 1599 ‚
744 1517 845 1586 tertio
859 1528 952 1598 *ante
967 1525 1130 1609 papatum
1149 1510 1250 1598 hujus

255 1639 423 1732 Gregorii.
443 1639 684 1732 Facilinsergo
702 1641 777 1724 suit,
795 1640 968 1734 synodum
988 1640 1145 1727 Officium
1165 1633 1250 1705 illud

256 1759 535 1846 abantecedenti
559 1761 757 1853 Gregoriol
773 1764 863 1831 inter
878 1763 1011 1854 reliqua
1027 1763 1102 1853 ejus
1120 1759 1249 1850 scripta

258 1899 442 1972 venerata,
457 1908 478 1956 a
494 1887 624 1958 Graecis
640 1887 796 1959 habiturn
807 1901 841 1959 et
851 1891 923 1980 Jaur
941 1890 977 1959 in
994 1913 1057 1959 usu
1073 1895 1249 1980 receptum

256 2031 276 2081 a
296 2001 466 2104 pluribud,
481 2033 544 2104 pro
557 2013 719 2084 omnihus
732 2015 937 2108 praecipere,
951 2033 1054 2105 quarn
1072 2019 1252 2100 asequuto

256 2138 346 2226 Papa
363 2145 440 2226 post
455 2134 501 2204 23
517 2156 627 2206 annos
647 2137 925 2230 componendum
946 2123 1152 2206 vaticinare.
1182 2131 1254 2202 Neo

255 2254 461 2358 Gregorium
480 2257 515 2327 II
535 2273 616 2328 ante
636 2272 798 2353 papatum
815 2256 1115 2350 Constantinopoli
1133 2265 1253 2324 notum

255 2376 415 2471 probabit
446 2379 585 2471 aliquia
605 2382 694 2451 sicut
711 2379 943 2474 primumqni
959 2380 1029 2450 illic
1059 2376 1254 2472 apocrisia-

256 2498 329 2568 rius
356 2499 484 2592 Pelagii
514 2503 548 2574 ΙΙ
566 2501 797 2574 antecessoris
825 2503 900 2573 luit.
920 2503 1020 2573 Nulla
1039 2497 1256 2592 igiturnratio

255 2630 322 2702 est,
354 2631 391 2688 nt
414 2622 627 2696 attribuatur
657 2625 706 2696 illi
733 2625 782 2710 id,
815 2624 909 2718 qnod
940 2635 1020 2695 ante
1046 2623 1158 2716 ipsum
1178 2618 1252 2689 fuit.

258 2745 385 2837 Sicque
399 2747 560 2819 standum
577 2764 630 2822 est
647 2751 828 2820 traditioni
853 2751 1054 2821 Graecorum
1079 2766 1140 2840 pro
1164 2743 1255 2814 Gre-

259 2871 358 2962 gorio
375 2871 406 2953 I,
426 2874 486 2964 qui
517 2873 641 2944 videns
658 2873 863 2968 Graecoslex
888 2895 964 2943 can.
983 2871 1027 2942 ta
1054 2883 1088 2942 et
1107 2872 1145 2940 at
1173 2890 1253 2962 syn.

261 2993 464 3100 Laodicen.)
483 3007 640 3091 tempore
653 2999 864 3091 jejuniorum
884 2997 1026 3067 omnino
1045 3017 1065 3067 a
1086 2993 1259 3066 sacrificio

259 3115 437 3188 abstinere
447 3119 521 3210 J'am
539 3143 558 3193 a
577 3123 714 3194 duobus
727 3123 877 3205 saecnlb,
896 3120 930 3192 id
940 3120 985 3190 ad
996 3121 1110 3190 minus
1127 3141 1259 3213 procn-

260 3258 368 3323 rasse,
387 3251 424 3310 ut
439 3240 504 3312 sub
522 3265 717 3338 vesperam,
747 3265 835 3338 pane
850 3243 1166 3336 praeconsecratoa
1190 3240 1261 3311 do·

260 3358 387 3429 minica
408 3364 533 3454 populo
547 3369 724 3458 proposito
741 3377 922 3436 uterentur
940 3391 948 3448 ς
969 3362 1078 3456 quod,
1092 3361 1260 3452 singulari

258 3479 305 3551 ad
333 3481 397 3552 hoo
418 3485 537 3558 Officio
551 3489 658 3573 edito,
686 3512 704 3559 a
726 3487 882 3582 pluribus
902 3500 1004 3557 antea
1033 3486 1178 3564 lactum,
1198 3481 1261 3552 luit

258 3604 421 3677 omnibus
458 3609 492 3678 in
517 3613 652 3707 synodo
692 3613 853 3682 Trullana
899 3620 1135 3704 praeceptum
1167 3605 1259 3676 sicut

260 3726 406 3800 Goarius
432 3731 500 3825 (hic
526 3738 580 3806 sui
600 3735 739 3829 oblitus)
757 3736 857 3829 paulo
875 3747 956 3804 ante
990 3731 1151 3822 tetigerat
1169 3727 1259 3798 scri-

261 3859 368 3931 bens:
385 3864 499 3948 Atque
509 3868 560 3934 ita
573 3886 644 3936 non
656 3885 748 3935 noua
762 3867 924 3952 primum
938 3863 1016 3946 ejus
1029 3859 1208 3927 institutio
1223 3859 1262 3924 in

260 3992 391 4076 synodi
418 3990 600 4058 Trullunaa
620 4008 698 4057 can.
718 3989 791 4055 LII
794 4040 802 4067 ,
818 3987 881 4054 sed
906 3983 1072 4052 instituti
1079 3982 1156 4066 jam
1169 3982 1264 4047 ritus
