3124 5126
596 617 763 681 -67-

180 784 225 854 tis
278 784 569 856 consummatoria
618 785 906 870 matrimonium,
958 788 1175 862 sacerdotem

177 892 365 976 ruthenum
384 927 444 977 eos
462 906 660 994 occludere,
686 919 721 980 et
745 907 851 979 cubili
869 907 1067 981 adstantem
1085 934 1173 1006 pro-

176 1029 288 1114 xime,
331 1027 437 1100 finem
472 1041 703 1124 exspectare3
730 1031 939 1102 terminatur
969 1034 1169 1104 sacrisme-

178 1153 309 1224 triculis
343 1150 473 1244 hymen
501 1181 508 1223 :
536 1152 789 1246 impudentiam
812 1147 1051 1246 superaddunt
1065 1177 1170 1228 men-

175 1277 291 1348 dacio.
344 1273 411 1359 Qui
454 1274 490 1346 id
534 1276 682 1347 relatum
720 1273 804 1346 sibi·
830 1276 977 1348 credere
1020 1280 1166 1366 dixerit,

173 1397 403 1472 stoliditatem
428 1397 589 1477 ostendet
614 1411 749 1489 gratam
771 1399 917 1469 auctori.
949 1401 1083 1472 Caetera
1103 1424 1168 1474 nec

173 1548 280 1626 tango
299 1561 306 1600 :
329 1543 365 1602 ut
386 1532 470 1625 quid
487 1534 581 1602 enim
598 1533 791 1603 insectarer
810 1554 884 1615 eoo,
906 1535 980 1624 qui,
999 1535 1028 1604 si
1047 1536 1167 1606 inuno

172 1655 332 1728 Rutheno
364 1653 517 1724 scabiem
543 1653 712 1740 viderint,
735 1664 843 1725 totam
868 1633 1082 1726 immundam
1105 1657 1164 1726 in-

136 1795 138 1801 ·
171 1779 479 1850 feruntRussiam?
495 1776 670 1860 Putridam
687 1791 803 1847 nonne
818 1777 868 1846 sic
879 1777 1023 1862 illaturi,
1040 1777 1076 1846 in
1096 1798 1164 1846 na-

172 1905 287 1974 tiones
309 1902 393 1971 alias
415 1901 640 1993 increparent
658 1899 809 1971 Rutheni
827 1899 985 1969 vindices
1003 1900 1164 1992 lepram?

171 2023 386 2116 Ecquaenam
417 2033 482 2106 est,
514 2023 549 2091 in
578 2021 678 2112 cujus
710 2022 830 2092 ciuiles
864 2041 980 2091 mores
1011 2022 1163 2118 plurium

170 2165 240 2215 non
262 2145 441 2240 irrepserit
459 2144 599 2214 vitium?

420 2305 433 2334 ἱ

463 2454 857 2469 ffi—

544 2843 690 2910 OAPUT
714 2843 807 2909 XVI.

431 3141 594 3238 Bigamia,
626 3141 796 3237 trigamia,
822 3139 888 3214 eto.

211 3460 399 3529 Damnasse
414 3461 585 3532 secundas
598 3457 738 3552 nuptias
753 3455 904 3524 refertur
923 3454 1005 3526 item
1022 3453 1067 3523 de
1092 3454 1159 3524 Ru·
1238 3517 1240 3522 .

161 3580 276 3652 thenis
303 3583 562 3654 communiter:
583 3603 664 3675 quae
696 3593 811 3649 tamen
834 3577 1010 3648 accusatio
1028 3574 1100 3667 ipsa
1118 3596 1155 3645 se

160 3704 312 3778 ostendit
340 3704 515 3795 injustam.
536 3707 608 3778 Neo
626 3705 720 3775 enim
735 3700 887 3794 nuptias,
916 3697 978 3768 sed
993 3699 1157 3768 meretri·

161 3832 253 3903 oium
271 3828 442 3915 dicerent,
463 3830 557 3916 quod
576 3827 730 3900 Ecclesia
744 3847 811 3896 non
827 3832 999 3904 sacraret;
1010 3843 1075 3891 neo
1089 3821 1154 3893 ista

162 3977 222 4029 eas
239 3954 423 4039 damnans,
441 3955 613 4027 secundas
626 3953 766 4048 nuptias
780 3945 1016 4022 benediceret.
1038 3947 1156 4019 Socios
