3124 5126
598 637 783 701 -117-

194 818 429 910 interpretans
448 813 646 888 secundum
676 817 794 888 omnia
819 813 985 888 Ecclesiae
1010 825 1184 908 praecepta

194 939 312 1033 plene,
343 961 423 1010 oum
454 949 573 1009 sancta
603 939 732 1024 Missa„
751 939 787 1010 id
819 948 871 1010 est
888 959 966 1008 cum
985 937 1123 1032 liturgia
1148 947 1184 1008 et

194 1062 383 1155 baptismo,
405 1061 507 1131 sicuti
534 1061 781 1134 Constantinus
806 1061 1030 1156 philosophus
1063 1061 1181 1132 divina
1206 1075 1208 1084 ’

195 1185 307 1277 gratia
325 1195 360 1254 et
378 1185 411 1253 S.
435 1181 625 1255 Clementis
645 1184 865 1255 invocatione
889 1185 1021 1276 coepit3
1052 1183 1133 1259 item
1152 1184 1182 1254 si

195 1306 376 1400 quisalius
400 1305 550 1397 potuerit
575 1303 681 1398 digne
703 1318 738 1376 et
756 1305 949 1378 orthodoxe
974 1305 1105 1388 dicere,
1137 1289 1184 1377 sit

195 1425 329 1499 sanctio
356 1440 391 1497 et
421 1427 620 1498 benedictio
654 1429 714 1499 Dei
741 1440 775 1500 et
800 1447 821 1499 a
847 1427 949 1499 nobis
965 1439 1000 1498 et
1018 1429 1063 1499 ab
1088 1431 1182 1500 omni

196 1550 365 1622 catholica
391 1560 426 1620 et
452 1551 638 1642 apostolica
654 1551 821 1636 Ecclesia,
838 1561 875 1621 ut
891 1551 991 1622 facile
1008 1563 1184 1647 praecepta

194 1673 314 1744 divina
341 1672 491 1756 discatis.
515 1673 614 1743 Hunc
645 1695 750 1744 unnm
775 1686 914 1744 servate
930 1696 1076 1759 morem,
1095 1687 1130 1746 nt
1147 1677 1182 1747 in

136 1823 145 1830 ·
197 1796 298 1864 missa
318 1793 575 1886 primolegatur
592 1795 767 1885 apostolus
779 1806 814 1864 et
827 1796 1045 1887 evangelium
1061 1797 1180 1881 latine,

194 1918 275 1992 dein
307 1917 493 1996 slovenice,
520 1927 555 1986 ut
574 1917 760 2009 impleatur
789 1906 937 1987 verbum
955 1919 1178 2010 Scripturae:

194 2042 355 2109 Laudato
372 2043 564 2109 Dominum
586 2061 706 2109 omues
723 2040 1003 2129 coalescenti
1025 2065 1033 2110 ε
1056 2045 1184 2110 Outnes

195 2165 427 2252 loquebantur
450 2167 565 2233 coriis
604 2167 740 2252 linquis
765 2167 950 2253 lacunaria
981 2169 1057 2248 Dei,
1076 2174 1184 2253 prout

195 2291 353 2377 Spiritus
379 2290 415 2358 S.
449 2289 556 2356 dabat
581 2291 695 2374 eloqui
719 2291 805 2358 illis.
835 2289 870 2356 Si
900 2288 978 2378 quis
1003 2301 1117 2356 autern
1136 2310 1183 2358 ex

196 2409 394 2482 doctoribus
424 2408 470 2478 ad
500 2431 561 2480 vos
591 2411 812 2481 venientibus
842 2420 901 2480 ant
928 2431 974 2480 ex
1008 2409 1185 2503 discipulis

196 2535 339 2629 (eorum)
368 2555 470 2604 aures
495 2556 575 2604 suas
599 2535 785 2605 averitate
810 2535 1048 2606 avertentibus
1079 2557 1185 2607 ansus

196 2656 301 2728 luerit
315 2677 414 2738 secus
432 2655 590 2748 (agendo)
607 2678 669 2727 vos
687 2657 722 2726 in
737 2678 874 2728 errores
890 2657 1072 2740 seducere,
1090 2660 1184 2729 litte-

196 2801 252 2850 ras
274 2780 404 2869 linguae
419 2791 546 2848 vestrae
573 2779 814 2872 vituperando,
835 2780 878 2850 sit
895 2782 1182 2850 excommunica-

196 2913 272 2983 tus;
303 2901 364 2970 sed
391 2911 522 2969 tantum
554 2903 587 2971 in
612 2902 791 2993 judicium
828 2901 984 2972 tradatur
1018 2903 1184 2974 Ecclesiae

196 3022 307 3094 donec
322 3025 528 3116 resipuerit:
553 3025 608 3094 isti
627 3025 720 3096 enirn
739 3037 818 3096 sunt
835 3026 921 3118 lupi,
941 3037 976 3094 et
993 3045 1060 3094 non
1083 3045 1181 3111 oves,

196 3167 283 3241 quos
312 3150 473 3217 convenit
508 3171 528 3220 a
558 3149 727 3220 fructibus
759 3141 891 3220 eorumv
910 3172 1120 3243 cognoscere
1149 3162 1184 3223 et

197 3293 335 3342 cavere.
361 3271 425 3340 Vos
441 3283 571 3356 autem,
592 3271 852 3358 filiioarissirni,
873 3274 1022 3344 audiatis
1046 3295 1184 3366 praecc—

198 3405 254 3489 pta
278 3393 350 3476 Dei,
368 3415 431 3464 nec
458 3395 709 3466 institutionem
730 3397 895 3468 Ecclesiae
915 3395 1116 3490 repudietis,
1147 3407 1183 3467 ut

197 3516 419 3586 inveniamini
441 3517 513 3586 veri
527 3515 727 3588 adoratores
740 3519 798 3602 Dei
815 3519 922 3608 patris
936 3519 1044 3588 nostri
1058 3519 1183 3591 ooeles·

198 3637 242 3710 tis
271 3647 306 3706 et
336 3639 490 3710 omniurn
520 3641 725 3710 Sanctorum
756 3640 831 3732 ill).
874 3641 956 3710 ldox
994 3641 1183 3712 remittitur

197 3758 392 3832 Methodius
411 3763 566 3847 Romam,
587 3773 623 3832 ut
641 3775 797 3834 sacretur
813 3762 996 3856 episcopus
1013 3763 1045 3831 in
1063 3763 1181 3835 sedem

197 3883 423 3980 pannonicam
439 3887 473 3954 S.
504 3883 706 3968 Andronici,
726 3885 819 3977 quod
837 3897 871 3954 et
886 3885 1011 3954 lactum
1038 3897 1090 3954 est
1109 3885 1177 3978 (ol).

198 4005 385 4099 Episcopus
417 4003 604 4080 Pannoniae
627 4019 766 4080 creatus
788 4009 896 4079 multa
913 4005 957 4078 ab
974 4005 1182 4080 adversariis
