3124 5126
759 545 882 610 -110
910 585 951 601 -

398 712 493 786 runt,
516 717 550 776 et
581 712 724 785 minime
748 721 910 813 vulgaria
934 745 1026 818 sunt,
1059 739 1157 830 juvat
1187 747 1264 822 heic
1295 778 1381 849 pro·

393 842 523 917 ponere
543 851 661 904 eorum
681 850 926 932 summarium,
957 877 1002 926 ex
1032 861 1167 937 duabus
1191 873 1377 966 Legenda,

391 933 472 1036 quae
491 953 595 1044 vulgo
614 976 783 1034 vocantur
796 983 1001 1058 pannonica
1018 995 1052 1053 et
1068 990 1376 1090 siccana-sarbiae,

381 1070 646 1149 concinnatum,
670 1085 796 1158 Harum
818 1097 913 1185 prior
929 1105 1080 1175 continet
1105 1114 1221 1184 Vitam
1238 1117 1276 1190 S.
1302 1123 1380 1194 Me-

390 1187 515 1276 thodii‚
536 1207 704 1288 posterior
721 1233 804 1284 vero
821 1191 944 1290 ¹Vitam
957 1227 992 1296 S.
1018 1219 1249 1312 Constantini.
1273 1247 1380 1318 Datur

388 1328 494 1400 porro
512 1317 577 1388 hoc
597 1335 838 1422 summarium,
860 1359 960 1432 prout
983 1348 1076 1436 jacet
1103 1355 1138 1424 in
1171 1382 1248 1432 meo
1273 1369 1379 1439 Anno

389 1435 634 1516 Ecclesiastico
661 1464 935 1538 praeco-stanno
963 1469 1008 1538 ad
1038 1473 1130 1546 diam
1161 1483 1190 1550 V
1221 1485 1237 1554 J
1242 1487 1313 1562 ulii.
1345 1503 1378 1561 at

387 1547 531 1630 brevius
549 1577 582 1633 et
601 1575 832 1665 emendatius,
849 1605 890 1652 ea
908 1603 1045 1662 servata
1072 1595 1162 1690 lege,
1190 1617 1225 1672 ut
1263 1611 1378 1682 Vitam

277 1700 279 1704 ·
387 1678 562 1754 Mettoan
579 1692 706 1768 indicet
724 1701 839 1775 littera
856 1709 925 1800 (M),
947 1714 1063 1788 littera
1081 1745 1164 1794 vero
1190 1727 1235 1820 (C)
1261 1737 1376 1806 Vitam

390 1807 623 1885 Constantini.

442 1959 457 1998 a
492 1937 734 2016 Constantinus
774 1951 890 2047 itaque
928 1971 961 2028 et
1000 1965 1219 2057 Methodius‚
1250 1978 1376 2050 fratres

385 2057 721 2150 Thessalonicenses,
743 2070 1101 2178 floruerunttempore
1116 2094 1291 2170 Michaelis
1314 2104 1375 2173 im·
1425 2179 1427 2188 k

383 2186 551 2273 peratoris
569 2187 637 2281 (M).
651 2175 762 2263 ¹Pater
778 2217 911 2285 eorum,
930 2205 1070 2280 numine
1088 2215 1168 2300 alteo,
1189 2221 1244 2288 vir
1262 2222 1374 2300 bonus

383 2309 417 2368 et
430 2306 598 2396 copiosus,
616 2323 648 2381 et
667 2311 846 2408 drungarii
867 2346 1010 2398 munere
1029 2333 1191 2426 fungens,
1220 2347 1373 2438 suscepit

383 2444 429 2493 ex
445 2450 553 2501 uxore
570 2435 679 2506 Maria
693 2425 824 2534 septem
844 2443 933 2518 filios
952 2471 1098 2543 quorum
1111 2469 1190 2530 natu
1208 2465 1371 2540 minimus

380 2523 721 2641 luit'Oonstantinus,
761 2567 866 2659 vulgo
897 2572 1120 2670 philosophus
1154 2582 1267 2655 dictus
1301 2587 1361 2681 (C).

330 2697 331 2700 ¹
380 2669 469 2740 Puer
486 2693 617 2768 septem
634 2702 819 2771 annorum,
839 2691 896 2760 hio
914 2693 949 2762 in
966 2701 1107 2771 somniis
1123 2704 1189 2774 sibi
1205 2707 1302 2779 visus
1316 2723 1368 2781 est

290 2885 292 2889 .
334 2879 335 2882 Ἴ
381 2799 603 2889 expluribus
629 2789 695 2876 sihi
712 2809 838 2883 oblatis
857 2817 1048 2910 virginibus
1064 2825 1236 2920 delegisse
1264 2857 1368 2906 unam

380 2921 479 2994 mirae
499 2927 777 3022 pulchritudinis,
804 2943 942 3012 nomine
967 2943 1131 3039 Sophiam
1146 2976 1207 3024 seu
1224 2961 1367 3050 sapien·
1391 2967 1393 2972 ’

379 3039 474 3113 tiam.
497 3045 536 3116 ln
556 3049 746 3127 litterarum
766 3057 848 3131 ludo
867 3067 1111 3164 profecitxprae
1137 3076 1299 3150 omnibus
1328 3080 1366 3150 in
1394 3107 1399 3123 ·

378 3161 547 3238 librorum
566 3174 725 3248 scientia.
1139 3285 1141 3302 ἱ

425 3289 508 3364 Cum
526 3311 641 3368 autem
656 3294 745 3374 lama
758 3305 801 3375 de
816 3311 984 3402 sapientia
997 3325 1032 3382 et
1049 3315 1170 3389 studiis
1193 3320 1361 3398 Constan-
1421 3430 1426 3438 1

376 3412 439 3482 tini
462 3417 507 3488 ad
533 3421 634 3492 aur'es
666 3425 881 3518 imperatorii
913 3433 1099 3524 logothetae
1117 3439 1267 3532 (nomine
1286 3458 1363 3518 erat

375 3533 602 3635 Theoctistus)
622 3547 849 3634 pervenisset,
871 3558 1055 3626 arcessitur
1075 3559 1119 3628 ab
1136 3583 1191 3640 eo,
1214 3578 1250 3633 ut
1281 3587 1361 3640 cum

375 3659 688 3756 imperatoris-filio
718 3669 819 3740 simul
848 3671 979 3766 litteras
1011 3677 1173 3754 disceret.
1194 3690 1362 3760 -Venit

375 3779 491 3876 itaque
505 3785 851 3884 Constantinopolim,
870 3794 926 3864 ubi
938 3801 1113 3890 magistris
1127 3807 1275 3878 traditus
1293 3822 1356 3880 est.

373 3901 491 3976 Trium
511 3910 681 3980 mensium
698 3915 809 4006 spatio
822 3926 929 3988 totam
956 3927 1217 4012 grammaticam
1236 3953 1361 4003 omen-
